2864 5004
425 424 485 491 ΕΤ
506 421 854 492 ANNOTATIONES.
1109 410 1181 487 491

102 580 251 643 mensibus
268 583 300 648 8.
320 579 354 640 in
373 600 485 640 sununs
505 581 618 661 putetis
643 587 782 660 occupot.
822 578 957 639 Sedecim
981 581 1081 658 itsqus
1105 599 1185 641 enno

103 667 194 733 4893.
215 685 272 725 rex
290 664 457 724 declsrstus
472 672 543 745 post
562 684 656 724 srmos
674 670 724 730 11.
746 664 778 724 id
800 665 963 724 entmundi
979 663 1118 732 4903.in
1133 685 1186 723 cs-

102 751 267 831 ptisitotesn
277 747 422 809 obductus
435 759 493 810 est:
514 757 544 808 et
559 748 660 809 eodem
673 748 766 817 4908.
782 746 927 826 integrum
939 749 1053 809 civitati
1067 759 1187 810 sonores

102 834 252 895 excidium
265 854 284 892 s
298 832 499 894 Nsbnssrdsm
512 833 630 893 illitum
644 841 697 892 est.
726 830 730 837 ⁴

183 920 252 998 Peg.
274 923 345 984 226·
369 915 404 981 '0
422 917 522 998 μέντοι
542 913 717 998 Εὐσέβιος]
751 915 852 978 Editio
877 915 982 977 Lotins
1008 913 1127 976 Eusebii
1147 916 1187 978 sd

101 1022 212 1066 mcum
227 1002 361 1062 Abrobso
378 1002 469 1068 1416.
486 1002 675 1062 consulendi.

183 1082 277 1168 Mnd'
297 1081 371 1161 ’ὅλως
388 1079 581 1169 λογισάμενος
595 1083 632 1148 sol
646 1085 776 1166 Δαρείου
796 1087 851 1147 sod
866 1077 1041 1166 Ἀστυάγους
1062 1083 1112 1164 ἔτη
1128 1078 1188 1165 eh]

100 1173 219 1253 Ecquid
245 1170 381 1251 Astyagis
408 1190 555 1230 annorum
580 1170 689 1231 oblitus
711 1179 756 1229 est
773 1169 937 1246 Eusebius,
963 1169 1015 1248 qui
1043 1189 1188 1248 expssnos

100 1260 189 1318 etism
207 1263 276 1316 octo
291 1275 379 1335 super
392 1256 514 1333 triginta
533 1255 688 1316 recenset?
709 1256 755 1314 Ex
771 1254 892 1335 proprio
907 1264 936 1313 et
950 1255 1112 1314 adversarii
1133 1253 1190 1312 do·

100 1342 197 1402 ctrina
219 1339 384 1418 composito
404 1341 442 1399 sd
464 1339 615 1400 bominem
629 1349 803 1417 ergumento
820 1341 895 1398 solet
907 1338 1024 1399 Author
1036 1339 1189 1398 adversam

101 1425 236 1506 quemvis
247 1426 423 1485 sententious
433 1427 589 1505 impeteret
611 1432 794 1506 quopropter
807 1424 916 1483 usituto
927 1423 1026 1504 potius
1041 1432 1072 1483 et
1083 1432 1188 1500 orguto

99 1532 200 1586 merc,
223 1528 312 1589 quom
328 1508 411 1569 fideli
425 1509 565 1589 urguendi
579 1509 659 1585 iure,
679 1509 797 1568 lucessit
807 1508 974 1573 Eusebium.
1002 1508 1049 1568 Ex
1065 1507 1189 1590 propris

100 1596 223 1675 quidem
239 1593 377 1654 doctrino
397 1594 631 1674 Hierosolymam
647 1593 730 1671 regni
748 1596 797 1659 19.
812 1613 830 1651 o
844 1591 1116 1654 Nabuchodonosor
1135 1590 1190 1651 do-

99 1688 251 1739 restotsm
263 1697 431 1756 supponens
448 1679 606 1756 Georgius,
627 1677 801 1736 calamitatis
817 1685 933 1755 tompus
948 1678 979 1735 in
995 1675 1112 1736 Euscbii
1131 1676 1191 1735 Ca·

99 1763 193 1823 nonio
210 1762 344 1839 Astyagis
356 1781 434 1820 esino
449 1782 528 1821 nono
542 1781 579 1821 cx
594 1780 688 1839 eoquo
703 1759 883 1839 respondere
894 1759 1054 1840 prospicit:
1082 1760 1190 1820 exindo

98 1844 377 1908 Nabuchodonosor
393 1846 444 1911 24.
462 1847 562 1921 suuis,
582 1846 688 1904 Evilnd
709 1842 870 1905 hierodsch
891 1844 1036 1923 quinquo,
1056 1843 1190 1905 Boltosor

98 1931 196 1991 tribus
209 1930 389 2006 numeratis,
411 1930 444 1989 id
458 1940 503 1989 est
517 1928 631 1990 duobus
652 1939 682 1989 ot
705 1929 842 2008 triginta,
863 1928 986 1988 ultimus
1005 1929 1136 1989 Boltosor
1155 1929 1189 1988 in

98 2015 173 2097 Cyri
200 2015 347 2097 primum,
380 2022 433 2074 sut
454 2015 554 2095 potius
576 2013 754 2088 secundum,
787 2012 920 2073 incidero
943 2012 1188 2093 deprehenditur:

96 2101 207 2162 melior
229 2118 302 2159 vcro
324 2097 579 2177 chronologorum
601 2118 673 2179 pars
706 2098 881 2175 letossris,
910 2098 962 2178 qui
981 2098 1188 2176 Niriglessrus,

97 2186 184 2246 sonis
207 2183 284 2243 slios
303 2183 441 2264 Astysgis
469 2183 678 2264 septemdecim
701 2194 769 2242 oute
791 2185 921 2263 Cyrum,
948 2183 1034 2243 nullo
1055 2183 1190 2262 principe

94 2268 294 2351 interposito,
322 2268 515 2348 imperoutem
539 2266 659 2327 sdiicit:
692 2267 837 2327 Eusebius
861 2267 967 2346 igitur,
993 2268 1097 2327 iuncto
1117 2268 1189 2348 Cyri

94 2363 165 2453 poss
184 2354 347 2433 Astyogem
366 2361 396 2411 et
414 2350 538 2412 subinde
561 2361 631 2430 post
648 2350 860 2430 Niriglessruen
881 2352 1022 2433 imperio,
1051 2351 1188 2433 Astyagis

95 2439 193 2522 :psius
207 2456 356 2497 sonorum
371 2442 420 2503 17.
432 2437 547 2497 nullom
561 2435 667 2496 hebuit
678 2437 865 2512 memoriam,
888 2434 981 2498 insert
993 2437 1147 2517 Georgius.

179 2523 255 2599 Pou-
274 2527 346 2589 227·
365 2514 435 2584 ’Ast’
450 2518 573 2601 tqrieov
586 2521 671 2594 irone
688 2521 851 2602 Zrdestoo]
874 2522 900 2581 Δ
924 2522 1062 2583 Sedecioo
1082 2522 1189 2581 ultimo

95 2627 160 2671 non
171 2615 282 2687 qunrto
297 2615 386 2686 putot
396 2605 540 2667 Eusebius
559 2605 738 2687 coptiritstis
750 2627 845 2666 snuos
862 2611 914 2672 70.
928 2606 988 2666 hoo
1002 2615 1103 2687 puoto.
1144 2604 1190 2662 sb

94 2690 239 2773 Astyagis
259 2701 367 2751 octnvo
385 2691 424 2749 sd
443 2693 495 2757 88.
510 2709 604 2749 onnos
623 2691 760 2768 triginta:
784 2701 848 2750 tum
869 2691 941 2770 Cyri
956 2694 1007 2756 30.
1026 2698 1191 2768 sequuntur

95 2774 255 2858 Combysis
269 2783 356 2849 octo,
376 2774 529 2854 Mogorum
542 2775 668 2833 fratrum
684 2794 795 2850 orsitus,
816 2783 847 2834 et
861 2773 942 2835 lisrii
963 2773 1094 2854 primm:
1116 2794 1191 2853 quo·

94 2883 164 2923 rum
182 2879 302 2921 summo
315 2866 360 2918 est
370 2862 422 2925 70.
434 2873 437 2879 ’
448 2858 516 2919 Non
529 2857 630 2937 itsque
644 2856 753 2917 lorcin:
770 2859 800 2923 4.
815 2858 868 2917 sed
890 2882 908 2918 u
926 2858 1063 2920 Sedeoiuo
1082 2858 1191 2919 ultimo

94 2955 125 3006 et
139 2942 420 3006 Nabuchodonosor
435 2948 484 3013 19.
498 2943 692 3003 consummati
707 2942 817 3002 excidii
830 2952 946 3022 tempus
961 2944 1117 3005 exorditur
1132 2945 1191 3004 liu·

94 3032 213 3106 sebius,
234 3038 265 3088 et
277 3026 413 3107 adiecta,
434 3047 497 3090 non
512 3028 648 3110 neglecto
666 3027 823 3089 Clemetstis
837 3028 1019 3090 outhoritsts
1035 3029 1190 3111 proprium

94 3111 275 3174 ssssteutism
295 3112 404 3174 lirmst.

182 3198 315 3275 Epeiros
326 3195 390 3269 isse
404 3195 623 3276 simulacione]
643 3194 723 3257 llaec
736 3195 881 3256 Eusebius
899 3196 1031 3255 Grsscns
1047 3195 1187 3273 Scsligeri

92 3302 162 3365 pap
185 3281 241 3349 41.
283 3279 395 3341 Scribit
413 3275 473 3344 sisti
491 3275 614 3362 πρώτης
633 3285 817 3360 κατασκευῆς
836 3278 911 3343 lesos
932 3274 1024 3366 stills·
1045 3288 1186 3362 typorum

92 3367 183 3432 vitio.

178 3445 255 3515 ’Est
272 3449 328 3528 esic
348 3439 457 3528 ὀγδόης
474 3447 527 3512 sol
544 3451 778 3530 τεσσαρακοστῆς
795 3441 1021 3531 Ὀλυμπιάδος]
1047 3447 1189 3512 Eusebius

92 3537 226 3600 latinus
242 3532 281 3594 od
292 3530 438 3593 stratam
453 3552 565 3594 sununs
583 3535 676 3601 1426.
691 3544 721 3594 ot
736 3533 873 3594 Sedeoiso
888 3533 1086 3596 undecimum.
1113 3538 1190 3596 Sen-

92 3626 212 3684 tentiae
226 3628 359 3693 murae,
380 3616 501 3696 scribit,
522 3621 614 3678 etiam
637 3616 773 3682 Clemens
785 3621 926 3699 congruit
946 3622 980 3679 s'ss
998 3624 1026 3685 t.
1048 3622 1189 3680 Stromot.

93 3710 145 3774 47.
170 3700 357 3785 Olympiade
373 3705 581 3783 captivitatem
599 3704 780 3765 ludaeorum
791 3706 919 3782 suetam
936 3726 998 3763 esse
1012 3715 1190 3763 contestans.

94 3790 136 3850 Es
152 3797 284 3872 propter
297 3789 329 3849 in
342 3786 433 3849 verbs
446 3807 518 3848 mox
532 3798 680 3849 secutura.
701 3792 794 3850 ταῦτα
807 3783 957 3870 Εὐσέβιος
966 3784 1119 3864 ὑποτάξας
1133 3797 1189 3848 eto.

92 3875 166 3934 Not.
188 3892 261 3954 μσς.
282 3876 332 3941 80.
360 3873 492 3953 tlcsliger
513 3873 667 3934 observet:
702 3875 820 3934 Mbusn
843 3885 887 3932 cst
909 3874 989 3933 buno
1016 3873 1190 3953 Georgium,

93 3960 152 4041 qui
173 3958 299 4016 nuttam
316 3979 444 4018 errorem
460 3954 585 4020 Εοοιόὶἰ
599 3961 763 4039 praeterire
779 3960 869 4038 solet,
894 3959 946 4016 tric
962 3956 1041 4017 duos
1058 3959 1192 4037 insignes

93 4065 158 4104 noes
181 4039 444 4105 ussinsodsurtisse.
486 4047 592 4104 Primo
619 4046 699 4104 enim
719 4043 871 4104 Εοοοοὺἱοο
889 4045 1028 4123 quuitur
1049 4040 1087 4100 ds
1102 4053 1191 4123 copto

94 4125 244 4198 Ssdoeta,
268 4119 399 4187 &emens
413 4126 450 4186 de
469 4128 617 4191 lecltonio.
660 4127 778 4190 Deinde
794 4129 945 4189 Elushisss
964 4129 1032 4207 ogit
1050 4124 1088 4186 de
1105 4130 1191 4186 tertio

92 4234 178 4275 mmo
201 4209 253 4276 47.
280 4209 493 4288 Olympiades,
517 4215 651 4275 Clemens
671 4211 708 4272 dc
722 4236 803 4274 asino
820 4218 922 4294 primo
942 4208 1192 4292 quadragesimas

94 4310 236 4359 octavae.
278 4293 397 4353 Poterst
416 4299 529 4374 puriter
543 4298 663 4359 tortium
680 4297 830 4358 indicere:
851 4296 1010 4357 Eusebium
1021 4296 1191 4358 videlicets

93 4381 206 4467 templi
229 4376 352 4462 opilicio
368 4398 462 4440 sonos
476 4382 549 4450 442.
569 4403 737 4445 numerasse
744 4428 753 4459 ,
776 4381 826 4442 ubi
845 4404 862 4440 ο
887 4380 1007 4443 lioridis
1021 4382 1105 4445 obitu
1120 4385 1190 4450 462·
