2946 4996
260 419 312 495 82
352 494 357 507 ,
635 425 680 496 G.
700 424 742 497 G.
762 425 967 501 Bttssttovss

262 589 320 651 του·
333 593 461 672 payaiton
473 579 603 650 brimeu
617 582 775 660 Maiaiur
787 581 856 669 mol
867 587 923 667 nir
934 581 1083 661 misniae
1090 578 1182 668 ’Adria
1197 584 1249 651 aral
1262 582 1347 664 Edere

261 662 938 773 aaivarpagrosslcimnv,'airroaelvpbeiao
953 665 1054 775 nepai
1074 675 1141 734 rosi
1159 674 1278 747 θεοῦ,
1297 668 1347 736 dra

260 751 315 829 rain
339 760 455 828 elaeae
481 757 537 817 rosi
560 776 656 836 repon
679 753 797 831 iditum
817 753 851 818 te
869 749 966 836 χειρός
987 757 1093 831 αυτοῦ,
1116 754 1269 836 διδαχθεὶς
1289 752 1351 821 out

259 843 317 903 rosi
331 832 521 923 liggcyyilor
533 835 667 919 Μιχαήλ.
687 868 730 885 ·-
749 836 935 920 Epiphanius
949 838 1077 918 dariique
1089 837 1205 901 marni
1218 844 1270 905 39.
1279 859 1307 899 c·
1318 844 1348 905 6.
1463 874 1464 877 ¹

259 923 369 994 tradit,
397 942 521 1005 parram
544 921 674 1022 Genesin
693 931 724 982 et
750 916 903 1021 ludplaln
923 924 1042 1001 vocari,
1070 924 1172 1021 Forsan
1191 923 1276 1005 quod
1293 942 1350 1005 per
1463 1008 1464 1011 Ἴ

257 1008 407 1089 tabuere,
427 1008 447 1069 i.
461 1028 486 1069 e.
498 1026 553 1087 per
565 1017 662 1089 apetra
676 1016 889 1087 qunquaginta
904 1027 1051 1068 annorum
1068 1007 1181 1088 degesta
1193 1016 1266 1069 erat.

341 1093 464 1171 Signum
489 1110 610 1170 magnae
630 1090 718 1151 huius
737 1091 808 1152 libri
827 1092 1013 1153 auctoritatis
1033 1101 1095 1170 est,
1116 1091 1197 1172 qaod
1215 1091 1349 1171 elingua

258 1175 401 1237 Hebraica
414 1176 447 1235 in
460 1174 592 1253 linguam
610 1176 752 1236 Graecam
766 1177 911 1237 manslata
923 1176 996 1249 tait,
1016 1185 1046 1236 et
1058 1196 1235 1258 numnquam
1251 1176 1348 1237 Geor·
1463 1204 1464 1267 3

256 1261 324 1339 gius
335 1259 451 1336 metuit,
473 1279 510 1319 nc
523 1259 615 1319 animi
629 1259 824 1340 simpliciores
839 1281 874 1320 ec
887 1260 1074 1343 decipiantur
1087 1259 1132 1343 (p.
1147 1267 1198 1328 27.
1211 1257 1264 1345 Δ.)
1284 1261 1349 1342 ipse

256 1354 357 1404 tamen
371 1345 466 1404 multa
476 1363 515 1403 ex
526 1342 586 1404 boc
599 1345 681 1404 sonte
691 1342 802 1406 haurit.
844 1343 1077 1405 venenabantur
1087 1343 1147 1406 hoc
1159 1344 1237 1406 libro
1252 1345 1348 1405 inter-

255 1428 439 1511 pretationes
465 1428 611 1489 Genereos
639 1428 849 1489 adactoribus
868 1427 1021 1488 Hebraicis
1040 1428 1161 1506 doctae,
1189 1429 1348 1509 ampliores

255 1513 454 1573 enarrationes
479 1532 581 1573 rerum
604 1510 819 1573 al’atriarcbis
838 1521 1001 1591 gestarum,
1022 1513 1215 1591 traditiones,
1237 1513 1347 1593 quibus
1463 1574 1464 1589 ,

253 1597 417 1677 antiquitae
447 1595 651 1657 anctoritatem
686 1597 748 1657 lere
772 1595 903 1657 divinam
931 1595 1096 1662 ademerat.
1141 1597 1348 1672 'Quamobrem
1463 1594 1464 1671 ᾗ

255 1681 414 1760 Georgium
430 1700 465 1741 ea
477 1701 596 1761 quoqne
609 1682 641 1741 in
656 1679 893 1741 Patriarclrsrum
903 1678 1044 1757 historia,
1065 1701 1192 1761 quorum
1204 1681 1273 1741 iona
1285 1701 1347 1741 non
1463 1710 1464 1765 3

252 1775 347 1848 patet,
367 1765 495 1826 maxime
516 1786 553 1826 ex
568 1763 627 1826 hoe
643 1764 720 1826 libro
735 1764 876 1840 bauaiesc,
896 1764 975 1826 haud
989 1775 1099 1826 temere
1113 1766 1259 1826 coniiccre
1271 1764 1347 1825 mibi
1463 1776 1464 1791 ¹

252 1851 367 1911 videor.
410 1851 495 1910 Certe
508 1850 627 1929 quidem
642 1850 814 1929 fragmentis
828 1871 846 1908 a
860 1848 995 1910 Fabricio
1009 1849 1146 1910 collectis
1160 1869 1225 1930 pag.
1239 1853 1304 1917 8³8
1317 1858 1347 1909 et

253 1938 334 2011 839,
357 1942 388 1994 et
406 1954 474 2015 pag.
487 1936 550 2001 849
565 1966 608 1982 -
623 1935 685 2000 864
699 1933 759 1995 duo
773 1954 789 1994 e
805 1934 933 2014 Georgia
946 1944 1050 1995 noetro
1068 1933 1139 1995 addi
1150 1943 1288 2015 possunt.
1307 1966 1343 1979 -

252 2019 344 2097 „Peg
365 2024 416 2085 27.
439 2020 471 2078 C.
485 2020 519 2082 l).
538 2019 682 2098 Georgius
703 2039 741 2079 ex
758 2018 937 2100 Apocalypsi
954 2019 1043 2080 Moris
1055 2028 1171 2095 narrat,
1195 2018 1345 2097 Gigantes,

252 2103 274 2166 i.
296 2121 321 2166 a.
336 2101 414 2162 filice
428 2102 606 2179 Angelorum
621 2113 651 2162 et
664 2102 795 2163 filiarum
814 2102 982 2179 hominurn,
1005 2103 1119 2163 invidia
1137 2112 1345 2184 postmortem
1463 2090 1464 2139 ἦ

249 2197 357 2263 motae,
372 2186 450 2247 filios
462 2188 540 2247 Nobe
555 2189 587 2247 in
602 2208 730 2249 errorem
746 2188 909 2249 induxiese.
951 2189 1052 2263 Quum
1071 2208 1143 2247 vero
1156 2188 1220 2247 Noe
1237 2206 1346 2247 orare-
1463 2236 1464 2259 ,

248 2270 304 2340 rit,
327 2281 363 2330 ut
385 2272 422 2330 ab
444 2273 485 2331 eie
506 2272 703 2350 discederent,
726 2273 788 2333 Deo
811 2272 930 2333 iubente
949 2292 1059 2334 novem
1079 2282 1179 2353 partes
1194 2272 1230 2331 ab
1248 2270 1345 2332 Areb-
1463 2274 1464 2333 1

248 2356 353 2433 angelo
374 2353 517 2413 Michailc
534 2358 565 2414 in
583 2358 722 2436 abyssum
734 2356 862 2416 deiectas
877 2375 939 2415 aare
954 2377 1049 2435 usque
1061 2355 1099 2415 ad
1119 2357 1197 2415 diem
1217 2356 1341 2431 iudicii,

248 2438 395 2497 decimam
421 2447 519 2498 autem
546 2439 666 2499 diabolo
688 2440 805 2518 roganti
828 2459 997 2499 concenam
1023 2458 1099 2515 esee,
1124 2449 1160 2499 ut
1186 2438 1341 2499 hominum
1463 2450 1464 2461 ¹

246 2521 338 2582 iidem
353 2541 421 2602 erga
441 2523 534 2583 lleurn
550 2525 726 2583 tentarent.‘'
746 2554 789 2570 -
809 2523 868 2600 „Et
884 2543 950 2605 pag.
966 2527 1015 2590 98.
1032 2524 1066 2585 B.
1081 2521 1105 2604 ἦ
1122 2521 1213 2604 λεπτή
1227 2523 1343 2607 γένεσίς
1463 2544 1464 2605 3

247 2626 362 2687 φησιν,
383 2616 550 2667 maternum
570 2628 657 2668 avum
674 2606 787 2667 Abraae
808 2608 909 2667 eodem
929 2608 1047 2666 nomine
1070 2608 1196 2668 abraam
1220 2628 1342 2668 nuncu·
1463 2612 1464 2631 ¹

245 2700 351 2773 patmn
372 2711 448 2768 ease;
471 2693 572 2752 Saram
597 2712 672 2756 vcro
695 2711 830 2754 sororem
852 2712 890 2753 ex
914 2692 1017 2753 eodem
1041 2711 1111 2752 curn
1132 2693 1229 2753 Abrae
1256 2702 1342 2775 patre

244 2776 431 2858 progenitam
444 2776 566 2838 luisse.”

335 2861 445 2919 Contra
462 2880 556 2920 unum
578 2861 784 2939 fragmentum,
805 2860 886 2940 quod
901 2859 1056 2920 Fabricius
1071 2880 1138 2940 pag.
1151 2859 1220 2926 142.
1230 2880 1341 2940 parrae

248 2944 357 3004 Genesi
379 2944 502 3021 tribuit,
526 2943 599 3003 huic
621 2945 699 3005 libro
721 2944 911 3006 detrahimus.
955 2945 1117 3022 Gregorius
1138 2954 1259 3021 narrat,
1285 2947 1340 3002 Se·

248 3027 335 3089 tlrurn
351 3029 574 3108 quadragesimo
597 3032 699 3090 aetatis
719 3051 798 3091 anno
818 3030 856 3089 ab
882 3030 998 3108 Angelie
1021 3038 1141 3108 raptum
1159 3029 1341 3089 revelatione

248 3114 352 3173 divina
390 3113 529 3174 didicisec
554 3116 769 3195 Egregororum
799 3116 929 3186 crimen,
958 3113 1105 3173 diluvium
1130 3113 1283 3186 futurum,
1311 3121 1342 3172 et

248 3201 422 3258 Saloutaria
443 3199 619 3259 adventnme
646 3218 856 3277 reversumque
880 3208 948 3278 poet
968 3197 1162 3277 quadraginta
1182 3198 1244 3257 dies
1266 3196 1341 3257 haec

247 3283 305 3343 sibi
319 3284 449 3343 revetata
468 3284 572 3363 primis
587 3285 755 3363 parentibus
771 3284 942 3362 exposuisee
961 3291 1018 3342 etc.
1039 3314 1082 3331 -
1103 3283 1264 3360 Gregorius
1284 3302 1342 3342 au-

248 3377 378 3445 ctorem,
400 3389 488 3448 quem
501 3368 647 3447 sequitur,
668 3388 728 3427 non
740 3368 889 3439 nominat,
910 3367 943 3427 in
958 3366 1129 3445 fragmentie
1145 3388 1216 3428 vero
1230 3386 1343 3447 parvae

248 3452 396 3511 Gencams
417 3453 523 3513 nullibi
544 3453 700 3529 vestigium
724 3452 858 3512 vaticinii
877 3453 909 3511 in
934 3451 1067 3511 Messiam
1092 3461 1144 3510 aut
1166 3451 1343 3531 religionem

244 3533 439 3596 ebriationem
453 3537 663 3618 deprenditur3
685 3537 747 3613 nd,
771 3537 818 3597 uti
830 3557 868 3597 ex
882 3536 1064 3615 Hieronymo
1079 3535 1251 3606 didicimus,
1273 3538 1343 3593 Ile-

246 3620 347 3679 brcicc
360 3619 435 3680 liber
446 3622 575 3703 scriptur
588 3622 661 3697 suit,
682 3641 779 3701 neque
792 3623 921 3701 cogitare
935 3620 1020 3695 licet,
1042 3619 1257 3700 Hieronymum
1269 3638 1344 3679 ver-

242 3704 358 3765 sionem
381 3703 554 3767 }lebraicam
574 3707 766 3767 laudaturum
786 3708 894 3799 lniaeeg,
915 3705 941 3764 si
963 3705 1039 3763 liber
1056 3706 1212 3783 originitus
1235 3722 1344 3780 graece

241 3788 374 3870 scriptus
390 3789 500 3848 suieacl.
543 3791 787 3871 antiquissimae,
808 3791 858 3869 qui
876 3810 998 3870 parram
1012 3790 1139 3849 Genesin
1152 3788 1272 3862 laudat,
1293 3799 1346 3849 est

242 3874 460 3954 Epsplemriua,
494 3876 546 3952 qui
576 3877 673 3937 medio
697 3876 816 3936 saeculo
843 3884 949 3954 quarto
973 3885 1042 3955 poet
1065 3873 1133 3932 Chr.
1157 3882 1220 3932 nat.
1243 3873 1343 3949 virit3

242 3960 366 4039 eiusque
377 3969 471 4018 aetate
482 3957 556 4018 liber
573 3959 630 4020 iana
646 3962 839 4041 pervulgatus
854 3960 944 4019 luisse
957 3960 1083 4020 videtur.
1126 3956 1264 4018 Fortasse
1277 3957 1343 4017 ianr

242 4054 313 4104 anta
329 4042 400 4105 cnr.
416 4053 476 4106 nat.
494 4043 695 4123 scriptumst,
717 4054 757 4121 et,
779 4043 812 4104 ni
828 4045 934 4120 fallor,
956 4044 1019 4124 ipse
1036 4041 1179 4122 loacphus
1195 4042 1344 4103 traditio-

242 4147 297 4188 ncs
308 4127 445 4188 Iudaicas
459 4147 496 4187 ex
509 4147 544 4187 ec
557 4127 671 4188 bausit:
696 4139 776 4189 certe
788 4129 889 4189 eadem
905 4131 975 4203 lere,
991 4128 1107 4205 quaein
1122 4128 1229 4186 Genesi
1242 4146 1345 4207 parra

242 4211 355 4273 tradita
370 4223 458 4288 sunt,
481 4223 597 4288 narrat,
619 4214 810 4293 quamobrem
829 4212 976 4292 Georgiua
995 4220 1024 4269 et
1046 4212 1097 4271 alii
1119 4212 1271 4273 interdurn
1291 4207 1346 4291 (p.

222 4330 226 4337 ·
242 4300 273 4363 8.
290 4297 340 4374 D.;
362 4297 490 4357 ldiclrat'al
504 4299 612 4379 Glycaa
627 4318 659 4379 p.
676 4299 752 4372 1045
776 4296 920 4379 Georgius
936 4295 1088 4357 cedrenus
1103 4318 1134 4378 p.
1148 4300 1190 4373 3.)
1215 4294 1346 4374 losephi

243 4381 454 4445 auctoritatem
473 4392 503 4446 et
524 4401 635 4467 parrae
655 4374 807 4447 Geneseoe'
826 4381 1023 4464 coniungunt.
1046 4413 1088 4430 -
1111 4381 1166 4443 llle
1193 4380 1277 4441 locus
1298 4380 1349 4443 «te
