3428 4998
395 396 470 468 338
765 395 1110 466 EMENDATIONES

398 560 502 621 etesius
517 558 581 617 enni
598 563 783 616 consuetum.
828 550 956 637 Χριστὸς
977 548 1086 634 cirinen
1102 553 1135 619 br
1149 558 1265 634 νεκρῶν
1278 552 1406 642 θανάτῳ
1424 555 1477 620 ert·

396 669 488 709 νατον
501 639 655 722 πατήσας,
681 641 809 712 καὶτοῖς
824 640 856 702 ἰν
871 636 1005 720 μνήμασι
1020 639 1100 719 ζωὴν
1114 638 1318 719 χαρισάμενος.

482 731 547 810 Peg.
558 733 587 794 3.
596 724 795 789 Ὀκτακοσίων
806 724 862 787 do'e
871 726 963 798 tren]
977 723 1026 800 Td,
1035 719 1101 798 δύο,
1110 727 1272 784 redonen:
1296 748 1353 787 nec
1366 728 1397 787 in
1407 747 1477 786 suus.

397 836 445 875 ms
464 815 589 872 subinde
607 812 770 892 colligendo
789 809 921 869 binarius
937 811 1100 869 rotundum
1113 830 1272 869 numerum
1285 822 1449 892 exsuperet.

480 893 674 969 ’Ivdsssiuvee
696 890 837 977 nonime]
863 895 1072 955 Revoirendee
1094 895 1203 973 iugiter
1228 916 1375 958 ernmrum
1394 901 1477 975 quin-

398 983 512 1057 decim,
534 984 596 1040 sive.
613 982 810 1040 indictionum
830 980 961 1057 periodi,
983 980 1079 1059 primo
1094 980 1187 1057 gradu
1202 980 1239 1037 sb
1254 1004 1334 1041 enno
1348 1005 1365 1040 e
1383 979 1478 1041 mundi

398 1069 523 1128 conditu
537 1067 629 1133 5460.
643 1087 718 1143 quse
733 1062 873 1123 dutboris
889 1085 971 1122 mens
983 1075 1029 1122 est
1042 1086 1105 1143 pag.
1121 1069 1191 1131 305.
1206 1065 1236 1122 B·
1250 1067 1390 1140 deducto,
1409 1085 1478 1124 enno

398 1153 590 1234 podrnodnm
609 1155 702 1216 0300.
717 1150 768 1227 qui
785 1146 895 1209 Christi
912 1156 983 1214 800.
1001 1158 1060 1219 est,
1082 1149 1255 1209 indictionis
1272 1153 1415 1230 repetitae
1427 1149 1480 1228 pri·

398 1259 465 1296 mus
482 1256 577 1296 srrnrrs
602 1236 750 1293 orsurrit:
774 1234 857 1311 isque
878 1244 922 1292 est
940 1232 1059 1314 Georgii
1082 1236 1161 1292 circe
1180 1234 1357 1294 indictiones
1379 1255 1481 1299 sensus.

400 1323 484 1381 iuste
506 1341 593 1398 «ruem
618 1320 730 1378 Christi
752 1319 917 1391 nascentis,
947 1328 976 1376 et
997 1320 1101 1377 rnurrdi
1121 1339 1200 1377 nrrno
1219 1322 1314 1385 5500.
1333 1318 1483 1378 undecima

399 1407 502 1465 debuit
518 1404 671 1476 exordiri,
691 1414 727 1462 ut
741 1404 868 1461 evolutis
885 1404 922 1460 uh
939 1423 972 1462 ea
987 1404 1072 1462 onnis
1088 1409 1159 1468 800.
1174 1403 1271 1483 prims
1291 1425 1395 1464 rursus
1413 1404 1482 1463 offe·

399 1502 446 1551 rut
462 1512 493 1549 se
518 1490 739 1547 numerandam.
784 1490 857 1546 Corn
877 1509 949 1547 vero
968 1489 1142 1547 Latinorum
1168 1497 1198 1547 et
1220 1489 1416 1547 Orientalium
1431 1506 1483 1565 'per

399 1576 576 1634 indictiones
594 1574 717 1652 pntrmdi
733 1574 899 1631 communis
915 1593 948 1631 eo
963 1575 1004 1632 sit
1020 1573 1223 1644 consuetudo,
1243 1582 1278 1632 ut
1289 1594 1387 1632 onnus
1401 1571 1483 1631 Chri-

399 1662 437 1720 sti
459 1671 528 1719 ortu
548 1669 737 1718 consecratus
754 1658 840 1717 tertio
859 1660 1067 1736 consignetur,
1090 1659 1142 1735 qui
1158 1658 1194 1715 ob
1213 1679 1247 1716 eo
1266 1660 1404 1737 sequitur
1416 1662 1480 1722 Bw.

400 1756 523 1804 octonae
544 1745 672 1822 postulet
687 1743 904 1803 characterem:
929 1764 966 1802 ex
982 1764 1041 1822 que
1059 1742 1170 1801 Christi
1187 1747 1314 1802 sustuleru
1333 1763 1441 1801 sernum
1456 1742 1483 1797 in

400 1830 533 1908 computi
550 1822 653 1886 credi
673 1829 765 1894 5493.
782 1829 881 1905 potius
896 1849 984 1906 quem
1001 1829 1032 1886 in
1047 1830 1138 1894 5500.
1155 1829 1359 1907 reponendam
1375 1826 1484 1886 consul·

400 1914 512 1972 tissime
524 1914 707 1971 ‹tortuoso-n
720 1914 858 1972 Petevius
874 1913 923 1976 tib.
936 1920 965 1979 9.
981 1913 1017 1972 de
1028 1914 1115 1973 Dect.
1127 1913 1228 1993 Ternp.
1244 1934 1309 1993 esp.
1324 1918 1355 1977 3.
1370 1923 1399 1971 et
1409 1929 1482 1988 seqq.

399 1998 555 2057 videndus
584 1998 660 2055 idem
680 2000 861 2074 'l'enrnorum
887 1997 998 2057 Ductor
1019 1997 1070 2056 lib.
1089 1996 1127 2057 li.
1148 2018 1215 2077 esp.
1235 2001 1288 2062 89.
1312 2000 1350 2057 nd
1372 1998 1482 2065 celeno,

401 2093 431 2142 et
447 2083 600 2141 Varisrunr
617 2083 733 2140 dissert.
748 2082 797 2142 lib.
813 2087 844 2144 8.
860 2083 898 2140 sd
918 2083 1092 2140 ductorium
1106 2082 1143 2141 ds
1164 2084 1247 2143 Docte
1258 2083 1361 2163 Ternp.
1374 2081 1482 2143 Adeun-

401 2168 459 2227 dus
476 2167 584 2245 puriter
601 2167 726 2224 dilutius
743 2167 791 2224 vir
805 2166 886 2224 ornni
902 2168 1052 2245 praeclare
1064 2166 1230 2225 eruditione
1242 2166 1482 2226 corrrmendsndus

401 2253 432 2309 in
447 2251 648 2309 indictionum
665 2272 734 2308 cum
746 2250 856 2308 Christi
873 2261 902 2308 et
917 2251 1021 2308 mundi
1036 2251 1121 2309 nitriis
1137 2253 1314 2323 concordie,
1337 2250 1481 2332 Opuseuio

402 2336 542 2395 nimirnrn
562 2335 601 2391 ud
622 2335 704 2394 eliud
730 2334 766 2392 de
788 2334 946 2393 Dominicis
967 2345 997 2393 et
1020 2334 1252 2394 hebdomadibus
1271 2337 1404 2407 adiecto,
1428 2353 1481 2411 ⁴1⁰⁰

403 2420 473 2478 ticet
493 2420 601 2478 Christi
627 2421 754 2479 nutsiern
778 2418 882 2478 Graeci
902 2420 965 2477 sive
989 2420 1043 2480 (ΞΡ.
1068 2421 1202 2501 computi
1226 2441 1306 2478 nrsrro
1329 2424 1418 2485 5508.
1439 2438 1481 2475 so·

401 2505 481 2562 cium
499 2504 654 2580 adiunget:
678 2503 777 2583 quood
794 2503 972 2560 indictiones
989 2502 1091 2561 eodem
1107 2504 1199 2569 6508.
1213 2504 1366 2571 v015494.
1384 2520 1480 2562 trume-

400 2589 509 2647 rendns
523 2610 554 2645 se
570 2606 631 2646 non
650 2588 805 2645 dissentire
819 2587 960 2645 declaret.

487 2671 678 2751 beronicen]
703 2675 759 2730 Per
771 2674 856 2728 insin
875 2671 1019 2729 diffusum
1031 2679 1061 2729 et
1076 2680 1245 2744 extensum,
1266 2691 1330 2729 non
1342 2691 1379 2730 ex
1392 2656 1481 2729 incide

400 2777 545 2835 corpore,
568 2757 631 2814 rote
649 2766 721 2835 putu
735 2757 782 2814 vet
802 2756 912 2830 stellis,
936 2765 1075 2834 tnnquurn
1093 2776 1109 2812 e
1129 2755 1253 2835 proprio
1272 2757 1354 2815 sorite
1368 2755 1479 2812 mirans.

401 2842 435 2899 ld
450 2851 529 2899 certe
543 2841 621 2898 diem
637 2841 707 2898 mihi
723 2842 897 2912 constitnit,
922 2861 982 2898 non
996 2861 1062 2898 eum
1074 2860 1163 2918 qnem
1178 2841 1253 2898 lucis
1266 2850 1297 2900 st
1313 2840 1405 2897 noctis
1417 2857 1481 2895 suc·

403 2927 534 2984 cessione.
553 2924 695 2983 humum
713 2922 761 2988 94.
778 2924 874 3000 spolio
895 2925 1057 2982 irretiuntur
1071 2926 1257 2997 Astrorromi‚
1279 2934 1331 2983 out
1351 2940 1433 3002 quem
1446 2921 1482 2979 ii-

403 3031 457 3068 nea
474 3010 651 3068 succedente
671 3003 887 3085 πρὼτύκτιστον
902 3003 1095 3086 νυχθήμερον
1115 3008 1231 3066 Autbor
1256 3008 1320 3087 ipse
1345 3028 1402 3066 non
1415 3025 1481 3087 pro·

401 3095 468 3175 prie
490 3094 617 3153 virescit.
663 3093 771 3173 (Quiris
787 3091 897 3149 etcrrinr
915 3087 1107 3171 νυχθήμερον
1128 3093 1208 3171 quod
1231 3094 1312 3151 notin
1332 3090 1481 3150 tremescit

402 3188 578 3258 exceptum,
604 3188 656 3236 snt
678 3178 758 3255 <ruod
777 3197 836 3236 nox
858 3176 940 3233 nullu
962 3178 1145 3255 praecessit?
1173 3180 1269 3250 Quute
1290 3174 1480 3256 νυχθήμερον,

402 3265 543 3342 inquam,
572 3263 637 3334 cui,
667 3262 800 3320 nondum
821 3262 883 3318 soie
904 3262 952 3322 vel
974 3271 1056 3319 urotu
1081 3263 1181 3335 edito,
1209 3282 1265 3320 nee
1288 3262 1377 3321 horse
1398 3280 1482 3341 peres,

403 3370 459 3407 nec
472 3348 554 3406 horis
571 3346 698 3425 spatium
722 3347 841 3424 neqrruie
861 3345 961 3424 putari
983 3346 1093 3426 penest)
1111 3348 1162 3405 sed
1182 3367 1271 3426 quem
1288 3344 1398 3425 νοητῆν
1410 3342 1482 3423 riud-

403 3456 460 3512 nnn
476 3432 613 3490 Africano
627 3432 801 3509 adscripsit,
824 3451 911 3509 quem
924 3450 984 3488 non
1003 3431 1084 3502 ficte,
1105 3432 1158 3491 sed
1173 3432 1264 3490 urrimi
1279 3452 1366 3491 serrsu
1387 3428 1482 3488 conri-

404 3517 546 3598 piendum
570 3517 622 3573 tux
642 3517 704 3594 ipss
723 3524 940 3593 reprscsentnt,
962 3516 1016 3574 lux
1032 3517 1142 3588 edicit,
1163 3526 1191 3574 et
1206 3518 1256 3575 cui
1277 3513 1483 3595 deniquesiios

402 3622 490 3682 por-es
508 3601 584 3660 duos
606 3600 721 3680 gemine
741 3600 797 3657 Dei
817 3620 923 3679 cepero,
947 3601 1058 3659 editurn
1080 3621 1184 3680 nempe
1204 3600 1431 3672 hronsmsnturu,
1451 3606 1482 3656 et

403 3688 468 3746 eius
491 3686 526 3742 ob
546 3686 629 3763 uquis
654 3704 782 3763 superne
800 3695 830 3742 et
854 3686 968 3743 inferne
990 3686 1096 3765 positis
1118 3685 1291 3756 dissidium,
1311 3701 1483 3765 composue-

402 3781 485 3832 runt.
527 3770 574 3828 An
589 3789 651 3827 non
669 3771 719 3828 tun
734 3769 799 3848 ipss
813 3771 891 3845 dies,
914 3778 944 3828 et
958 3772 1009 3848 qui
1023 3772 1121 3830 lucem
1139 3770 1239 3844 videt,
1263 3770 1341 3830 diem
1361 3786 1481 3841 cernere,

404 3855 580 3915 asserimus?
603 3854 649 3912 An
661 3875 721 3912 non
734 3874 810 3932 opor
824 3856 954 3914 secundo
963 3856 1082 3931 editum
1098 3876 1114 3913 u
1133 3857 1207 3922 Deo,
1229 3863 1262 3913 ut
1276 3853 1308 3912 in
1321 3857 1412 3915 lucem
1423 3853 1482 3909 issu

404 3941 555 4000 conditum
567 3939 745 4019 productum
758 3948 812 4007 on,
824 3940 899 3998 diem
912 3938 967 3998 sibi
983 3941 1118 4018 primunr,
1132 3948 1161 3997 et
1175 3939 1252 3998 lucis
1264 3938 1416 3998 seeundum
1426 3955 1483 3993 no·

402 4045 517 4085 merere
528 4024 624 4084 dedit:
639 4034 668 4083 et
680 4044 754 4104 opus
763 4025 883 4103 tortium
891 4025 1002 4104 puriter
1012 4026 1109 4083 iucem
1118 4025 1233 4084 tertiam
1241 4026 1404 4083 constituit:
1413 4021 1482 4098 quis

402 4112 526 4170 tertium
539 4128 555 4167 e
568 4110 633 4168 tuce
645 4110 675 4167 in
688 4130 787 4169 reruni
799 4110 929 4170 onimium
945 4110 1069 4168 conditu
1082 4110 1175 4168 tenuit
1189 4110 1308 4168 lecurnt
1331 4108 1411 4168 Docte
1423 4106 1483 4163 eu-

403 4195 501 4253 sebius
517 4196 548 4253 in
564 4194 733 4254 chronicon
746 4195 877 4253 exordio.
920 4198 985 4253 Hie
997 4194 1060 4252 dien
1076 4198 1198 4273 primns
1215 4195 1329 4253 succidi
1343 4214 1395 4252 reon
1408 4189 1484 4265 pri-

402 4300 473 4337 mus
485 4278 604 4337 (dierum
617 4282 769 4337 onnrs'nm:
792 4279 917 4358 ideoque
932 4301 991 4339 non
1003 4283 1136 4358 prinum,
1159 4277 1215 4336 sed
1224 4301 1306 4338 untes
1318 4279 1484 4338 nommetur

403 4376 457 4430 eet.
491 4366 529 4425 Et
545 4364 639 4423 infin:
663 4366 784 4443 Quaere
801 4362 850 4423 dte
856 4367 955 4442 sucta
972 4377 1043 4424 curn
1067 4366 1237 4424 Iunsinurs‘a
1255 4362 1314 4424 duo
1331 4366 1363 4421 in
1373 4359 1483 4438 strena·
