2864 5004
427 432 488 501 ET
507 430 856 504 ANNOTATIONES.
875 498 877 501 .
1107 424 1182 502 466

103 590 169 651 uisa
182 588 278 658 4720.
289 588 491 650 institutarum
505 585 619 648 decima
632 608 712 650 nona
725 590 845 651 tertiana
861 590 1018 653 obeuntem
1032 599 1062 653 st
1073 591 1181 654 ineun-

100 685 158 736 tem
176 684 318 752 quanam
331 675 362 733 in
377 693 489 733 ennam
502 673 605 733 mundi
617 672 709 742 4801.
724 675 922 737 incurrentem
937 676 1072 738 sortitur.

178 752 250 838 Ἀφ’
266 749 305 821 osi
318 757 368 822 issi
385 750 656 837 ον’.’01ομπιάδά.]
676 759 940 840 Quinquageaimas
954 781 1046 843 supra
1065 761 1181 822 ducan-

99 842 233 903 tesimam
254 841 440 923 Olympiadis
462 851 585 921 querius
600 862 696 903 anons
708 844 741 903 in
757 863 869 905 aunum
882 847 987 906 mnndi
1000 849 1093 915 0725.
1106 845 1183 907 inci·

99 926 163 1005 dit,
190 926 307 1006 primus
321 926 458 993 indm.
471 925 503 984 in
514 929 608 994 5723.
625 929 784 989 secundas.

173 1006 333 1088 Ἄρχοντες
352 1003 454 1093 ΜΖ]
474 1012 501 1070 A
520 1009 625 1070 mundi
643 1011 736 1079 4800.
757 1012 883 1074 obeunte
896 1022 926 1074 et
937 1015 1031 1082 4801.
1051 1011 1183 1087 ineunte,

98 1115 158 1176 quo
181 1092 403 1155 Atheniensium
424 1092 515 1154 annui
535 1094 722 1172 magistratus
737 1096 884 1176 instituti,
905 1097 942 1157 ad
954 1101 1183 1174 0720000001,

98 1178 151 1239 alii
167 1181 244 1246 920.
266 1179 338 1238 anni
352 1188 384 1238 et
401 1178 586 1257 magishalus
605 1179 729 1239 totidem
749 1192 960 1261 numerantur,
979 1201 1040 1242 nan
1059 1181 1184 1241 excluso

97 1262 242 1323 nimirum
262 1262 345 1323 illius
361 1262 451 1341 primi
464 1282 554 1343 supra
568 1263 660 1331 4800.
673 1269 760 1325 inno.
788 1267 930 1348 Reposito
949 1267 1040 1346 igitur
1051 1264 1084 1325 iu
1096 1274 1185 1326 textu

98 1341 187 1431 Μ’.
202 1365 345 1408 numerus
354 1341 429 1430 Μ’.
441 1346 624 1408 emendatur.

184 1423 273 1493 Καθ’
291 1427 330 1494 ds
355 1426 534 1511 danisman]
564 1431 669 1492 Mundi
691 1431 783 1500 4800.
811 1432 923 1494 additis
945 1436 1020 1501 023.
1041 1452 1186 1494 annorum

98 1516 192 1582 0120,
206 1534 319 1575 summa
336 1514 504 1577 coniicitur.
545 1515 582 1576 ln
593 1516 657 1576 eius
669 1517 815 1593 termino,
836 1518 890 1599 qni
905 1517 964 1577 suit
978 1540 995 1577 a
1007 1516 1117 1579 Christi
1128 1538 1186 1577 na·

97 1599 202 1658 talitiia
216 1602 287 1666 223.
311 1600 455 1659 Antonini
466 1598 645 1679 Heliogabali
656 1600 771 1678 tertius,
792 1601 979 1681 Olympiadis
992 1604 1064 1670 260.
1076 1622 1186 1662 secun·

98 1682 172 1757 dus,
191 1682 317 1743 Phileno
331 1683 555 1744 Atheniensium
572 1682 737 1754 Archous.
757 1686 874 1744 Annius
888 1687 997 1747 Gratus
1008 1686 1185 1747 Severianus

98 1775 128 1826 et
149 1766 294 1827 Claudius
311 1768 450 1828 Seleucen
474 1768 669 1828 Consulatum
691 1787 813 1846 gessere.
852 1769 987 1832 Africani
1007 1770 1185 1831 sonnatium

96 1850 245 1911 bornaim
259 1860 290 1910 et
304 1851 370 1913 aliis
383 1861 558 1932 sequuntur.
599 1852 675 1913 Vide
686 1852 863 1932 Eusebium,
884 1863 914 1914 et
934 1853 1067 1935 expande
1086 1853 1186 1915 Chro-

97 1934 191 1996 nicou
207 1934 352 1997 Alexand.
367 1935 576 1999 adversarium.

183 2012 251 2082 uel
262 2024 321 2083 soei
333 2016 436 2105 ,εψκγῖ
449 2018 554 2102 droun]
575 2020 652 2080 Eum
667 2040 778 2081 annum
795 2019 948 2102 speciatim
960 2018 1107 2097 observat,
1128 2042 1188 2102 quo

97 2101 222 2164 floreret
240 2103 416 2179 Africanus,
445 2122 591 2182 quemque
615 2123 653 2162 ex
677 2113 770 2164 aetate
793 2114 915 2179 notum,
943 2110 975 2163 et
994 2123 1032 2163 ex
1050 2107 1187 2185 personia

97 2195 214 2247 certum
227 2185 291 2265 ipse
304 2195 482 2250 testareturz
495 2186 627 2246 Africani
641 2195 740 2246 tamen
751 2186 926 2265 legationem
938 2185 1017 2247 banc
1029 2187 1062 2247 in
1075 2208 1188 2250 annum

96 2279 285 2351 uouentem,
306 2269 398 2331 idest
411 2270 561 2348 Elagabali
574 2280 714 2349 quartum
728 2269 831 2330 reiecit
844 2270 1005 2346 Eusebius,
1025 2273 1187 2351 quodcum

97 2355 201 2416 somn
219 2354 256 2412 ab
277 2355 427 2414 Autumno
447 2363 624 2434 praeeunte,
645 2354 698 2434 qui
722 2353 802 2414 tertii
818 2354 854 2413 ab
869 2354 933 2414 aliis
948 2356 1097 2416 numerati
1116 2377 1187 2437 para

97 2447 233 2500 exuuma
249 2446 293 2498 est
301 2482 310 2514 ,
332 2438 465 2499 ordiatur
480 2437 623 2500 scribens.
666 2439 704 2500 In
715 2439 897 2498 Palaestina
912 2439 1085 2518 Nscopols's,
1109 2462 1189 2522 guae

92 2526 189 2603 priua
207 2524 359 2583 Fnunaus
374 2523 557 2600 uocabatur,
579 2521 652 2582 urbs
672 2521 798 2583 maduo
818 2534 880 2603 est,
906 2524 1069 2603 legationis
1090 2525 1189 2585 indu·

96 2611 210 2667 susiana
228 2628 288 2688 pro
308 2629 345 2667 ea
367 2610 545 2688 ambiente
566 2607 648 2668 Iulio
670 2609 822 2687 Africano
842 2609 988 2687 scriptore
1011 2618 1186 2690 temporam.

97 2692 231 2770 Scaliger
243 2700 297 2752 aut
309 2692 525 2774 Typogrephus
540 2691 679 2751 mendose
692 2691 823 2753 reddidit
839 2710 897 2776 ,aaa
914 2686 932 2755 '.
961 2691 1187 2757 Observandum

98 2776 249 2837 obiter-de
261 2776 472 2857 Olympiadem
485 2786 516 2838 et
530 2775 713 2836 Christianae
725 2794 873 2858 aeraesgs
914 2795 930 2835 a
944 2776 1105 2856 Georgium
1117 2797 1187 2838 cnm

97 2860 243 2940 Africano
257 2861 372 2920 nullutn
388 2860 496 2921 habers
507 2860 673 2922 dissidium.

188 2948 251 3008 Tou
268 2943 319 3007 sol
331 2940 533 3029 AdyotiurouJ
554 2944 616 3007 MS.
630 2948 686 3008 rosi
696 2943 748 3007 seul
760 2937 924 3026 Ao’ylnoo.
953 2942 1083 3023 Scaliger
1107 2944 1189 3007 idem

97 3029 222 3109 reponit
236 3028 268 3089 in
284 3038 382 3106 textu,
404 3030 436 3090 in
458 3030 593 3092 Animad.
614 3049 680 3108 pag.
701 3030 774 3097 257.
795 3022 941 3092 Ariaiton:
961 3028 1099 3089 usitatius
1123 3048 1188 3108 ego,

97 3117 156 3175 rosi
168 3112 221 3175 sat
233 3107 421 3211 Adyodmou.
454 3115 521 3174 lion
536 3115 689 3191 Augentue
703 3113 799 3186 euim,
823 3132 879 3172 neo
895 3112 1020 3187 Auitus3
1042 3112 1093 3173 sed
1105 3110 1189 3173 blar-

99 3214 155 3255 caa
183 3196 323 3339 Auregsus
342 3195 512 3257 Antoninus
532 3198 685 3276 Augustus
705 3194 860 3273 audiebat,
889 3195 941 3276 qui
968 3195 1187 3275 Heliogabalus,

96 3280 149 3341 vel
169 3280 258 3342 Alsa
281 3280 353 3340 alus.

182 3299 306 3428 'dalilae
328 3362 347 3429 d
369 3357 543 3443 Μιλήσιος]
571 3360 712 3425 Praemiai
731 3361 865 3423 titulum.
906 3355 1090 3445 Σκοράὸηνε
1116 3362 1189 3443 legit

99 3446 236 3528 Scaliger
245 3441 403 3529 Ἀρκτῖνος.
425 3447 568 3508 Eusebius
582 3446 704 3507 latinus
716 3447 852 3508 Aretissa.

187 3531 337 3616 onustos]
352 3533 462 3593 Vocem
474 3533 605 3593 restituit
614 3531 758 3591 Eusebius
771 3530 809 3591 ad
823 3548 934 3590 annum
948 3527 1083 3590 Abrabae
1097 3530 1189 3598 1280.

104 3617 246 3691 unsrun,
267 3616 386 3697 scribit,
414 3616 553 3696 Cyrenena
572 3613 771 3677 condiderunt
790 3613 913 3674 oraculo
929 3616 975 3673 as'c
988 3613 1117 3674 iubente.
1145 3614 1189 3675 us

97 3701 147 3763 his
168 3701 284 3764 Strabo.
305 3701 357 3766 lib.
380 3706 428 3767 17.
449 3719 516 3781 cap.
538 3706 589 3768 20.
610 3700 647 3761 de
665 3698 826 3776 Pandosia,
855 3696 945 3758 hodia
972 3696 1130 3758 Consentia
1157 3707 1189 3758 et

97 3785 283 3868 bletsgontio
295 3783 405 3846 ltalicis
416 3784 480 3846 sisa
494 3785 656 3846 calabricis
676 3783 802 3845 urbibus
823 3781 930 3843 Strabo
946 3781 999 3844 lib.
1021 3788 1050 3849 6.
1072 3801 1137 3863 cap.
1156 3784 1188 3849 8.

149 3872 332 4040 4’Ἀθήνῃσι
345 3944 472 4035 rodan]
493 3950 637 4015 Eusebius
652 3951 690 4011 ad
703 3971 816 4012 annum
833 3945 1071 4016 Abrahae12dd,
1089 3947 1189 4008 Arne·

99 4039 151 4098 nis
159 4040 299 4116 primum
313 4040 416 4096 trieres
430 4040 590 4118 navigavit
602 4038 776 4098 Aminocleo
796 4054 918 4095 cursum
939 4030 1103 4112 dirigente.-
1126 4033 1189 4093 eius

99 4122 186 4184 faber
207 4133 238 4182 at
260 4119 452 4198 triermches,
474 4124 526 4202 qui
536 4121 706 4202 Thucydidi
722 4120 774 4182 lib.
793 4124 822 4187 1.
836 4116 980 4193 scribilua·¹
990 4109 1190 4197 Ἀμεινοκλῆς.

188 4202 318 4286 Νάξος]
340 4206 386 4266 lta
404 4205 560 4282 legendum
582 4214 683 4266 mouet
703 4204 848 4265 Eusebius
869 4203 908 4261 aa
928 4219 1038 4273 annum
1055 4199 1190 4261 Abrabae

103 4294 196 4359 1676.
224 4290 334 4350 Naxus
348 4292 505 4351 iudiciiin
528 4289 662 4353 conditu.
692 4289 799 4350 Strabo
818 4287 873 4349 lib.
893 4290 923 4352 6.
946 4304 1011 4366 cap·
1033 4287 1082 4351 13.
1104 4284 1139 4347 si
1154 4279 1190 4347 di

101 4370 213 4457 μτοξά
225 4369 368 4455 Κατάνης
379 4373 431 4440 sal
445 4379 651 4460 &annueris
666 4373 859 4451 ἐκλελοίπασι,
872 4365 974 4447 Νάξος
985 4367 1038 4432 sal
1052 4367 1188 4477 Mirans.
