2864 5004
422 420 483 488 ΕΤ
503 412 849 493 ΔΝΝΟΤΔΤῙΟΝΕὸ.
1101 411 1177 486 897

111 578 245 658 populum
262 577 414 657 captivum
435 576 590 654 liberssse,
611 586 642 637 et
660 577 799 659 Aegypto
820 577 993 652 excessisse;
1014 577 1104 639 ruodo
1121 577 1176 640 du·

111 662 169 722 bins
189 662 315 722 estulem
336 661 447 742 bioysis
467 661 545 722 diem
561 661 601 721 sd
622 661 752 722 eiusdem
768 661 845 740 regis
858 661 1023 741 primordie
1035 682 1179 725 revocsrs

110 747 219 805 sudest:
240 747 397 827 posteriori
415 745 532 825 quidem
554 746 687 807 Africani
705 747 787 807 dicto
813 746 1003 806 assentientes
1025 747 1063 806 sb
1089 747 1179 808 Amos

108 830 186 890 initio
198 831 236 891 sd
246 829 538 913 biisphrsgmutirosis
549 830 638 892 finem
653 842 772 893 centum
786 839 816 891 et
825 830 929 909 viginti
942 850 1087 892 senorum
1098 851 1179 892 sum·

109 934 178 974 mom
199 916 383 995 colligemus,
403 915 491 975 Amos
507 916 584 975 eninr
599 915 652 975 ille
667 916 759 975 nuliis
778 916 850 974 lieet
866 914 902 973 ab
919 915 1061 976 Africano
1081 916 1179 976 dons-

109 1007 152 1059 tus
174 1002 273 1075 sonis,
301 1001 337 1060 ob
360 999 491 1060 *Eusebio
513 1001 565 1067 26.
589 1020 725 1079 regnasse
746 995 874 1076 dicitur,
902 998 950 1058 eni
974 998 1103 1062 Cbebros
1127 1005 1178 1069 16.

108 1081 313 1165 dmenopbtbis
332 1089 384 1152 21.
415 1085 540 1144 dsnersis
561 1091 613 1153 22.
635 1082 793 1165 Misspbris
810 1087 860 1151 13.
884 1081 1180 1164 blispbrcgmutbosis

107 1169 216 1228 tendem
230 1174 283 1237 26.
304 1169 478 1228 successisse
492 1168 620 1245 dicitur;
643 1180 731 1250 etque
746 1170 820 1230 adeo
833 1187 938 1246 regum
953 1167 1081 1229 istorum
1096 1178 1180 1229 aets-

106 1260 146 1311 tes
158 1272 218 1312 eam
232 1273 319 1332 quum
332 1254 428 1330 exegit
439 1254 557 1333 Moyses
577 1274 724 1315 ennorum
743 1272 888 1314 susurnam
911 1262 1072 1333 exaequet:
1092 1253 1178 1334 prius

105 1345 195 1395 sutem
205 1337 318 1400 dictum
331 1338 489 1419 sssrplexati
504 1339 658 1417 nequidem
673 1359 820 1399 snnorum
833 1336 1027 1416 qnadraginta
1048 1338 1178 1418 spatium

105 1422 248 1481 commode
263 1422 425 1503 poterimus
448 1441 565 1497 eruere,
586 1442 645 1502 quo
667 1425 826 1484 terminum
843 1431 1003 1502 utrumqne
1017 1422 1178 1503 dispunge-

101 1522 169 1564 mas.
207 1506 292 1565 Nune
307 1528 394 1586 quom
409 1516 530 1566 coactus
545 1506 624 1567 inter
638 1508 733 1587 Ogygi
750 1506 997 1586 Deuesiionisque
1009 1506 1178 1568 inundstio·

101 1607 162 1647 nem
176 1592 260 1650 onnia
273 1593 344 1657 248.
365 1601 501 1651 tenentur
513 1591 670 1652 Africanus
684 1593 855 1667 admittere,
875 1589 960 1651 brevi
980 1591 1096 1651 ratione
1109 1610 1178 1651 cum

101 1669 226 1734 dutlrore
244 1675 373 1737 declaro.
424 1675 608 1735 lieucslionis
631 1675 779 1735 dilnvium
803 1677 916 1736 Crsum
937 1676 1068 1735 meundo
1087 1674 1179 1737 sehs-

100 1755 238 1816 niensium
260 1778 328 1835 rege
349 1759 514 1839 imperante
537 1760 664 1819 Atticam
684 1761 834 1837 regionam
862 1757 1014 1817 obvolvit:
1041 1759 1178 1836 regnavit

102 1839 224 1899 Grsrrnn
244 1861 351 1901 novem
369 1844 470 1918 ocreis,
491 1853 687 1923 praecesserat
711 1846 857 1904 craneum
879 1843 1024 1921 Cecrops,
1045 1851 1076 1901 et
1091 1843 1178 1903 anuis

102 1925 149 1988 60.
166 1936 355 2002 regnavemt5
376 1936 443 1986 onte
459 1928 616 2008 Cecropem
631 1938 711 1988 retro
726 1929 823 2010 Ogygi
836 1926 985 1989 diluvium
1005 1926 1043 1985 ob
1056 1945 1177 2006 campos

101 2009 235 2087 urbesque
257 2012 422 2070 devastatus
440 2011 547 2071 incolis
564 2012 738 2093 regibusque
753 2014 835 2091 regio
858 2010 972 2069 deserta
996 2019 1179 2071 remanserat

100 2092 178 2151 aunis
194 2098 261 2160 189.
279 2095 351 2154 totis
367 2094 458 2174 igitur
474 2098 545 2163 248.
567 2108 742 2178 separentur
756 2097 792 2156 ub
810 2094 939 2154 invicem
955 2092 1049 2172 Ogygi
1064 2093 1177 2154 Deucs.

98 2175 235 2255 lionisqne
255 2179 375 2238 nomine
393 2189 498 2239 roceto
523 2179 648 2242 diluvia.
690 2180 749 2238 llic
764 2176 897 2237 Africsni
914 2176 1081 2252 disemus,
1102 2175 1178 2240 lrocc

98 2260 156 2319 eius
171 2272 409 2338 or·gumentorum
426 2263 575 2341 pondera,
597 2281 672 2340 quse
684 2262 756 2322 licet
768 2262 848 2342 opud
862 2279 909 2318 roe
922 2261 1020 2339 megui
1034 2265 1179 2324 momenti

98 2345 169 2403 sint:
191 2364 227 2403 ex
242 2366 277 2403 so
290 2354 395 2405 nutare
411 2347 470 2404 iids
486 2349 652 2426 persentio,
673 2347 755 2426 quod
774 2343 923 2405 subtiliter
937 2364 994 2424 pro
1013 2366 1115 2426 more,
1138 2368 1177 2410 us

99 2426 186 2486 dicum
212 2428 328 2498 dolose,
352 2448 389 2489 ex
405 2429 565 2490 sdversorii
589 2440 620 2490 et
638 2430 759 2510 propris
783 2450 837 2490 sus
863 2428 1006 2490 sententia
1031 2431 1177 2512 impotens

98 2512 232 2590 Georgius
253 2513 471 2589 sdversarium,
494 2525 527 2586 ut
546 2524 718 2593 ergumento
733 2514 771 2574 od
789 2513 959 2589 hominem,
983 2516 1062 2592 quod
1079 2516 1177 2595 aiunt,

98 2597 411 2676 cosnposito'conficist
430 2598 594 2676 hominem,
618 2599 700 2678 quod
718 2601 827 2679 purtim
848 2598 1042 2675 sdicittstur,
1063 2603 1176 2680 purtim

96 2680 129 2737 ab
149 2683 315 2743 adversario
338 2683 440 2743 debeat
459 2684 584 2761 negari,
596 2692 754 2764 proponet.
796 2684 903 2741 Lector
921 2691 1048 2742 mentem
1071 2693 1100 2743 et
1121 2685 1175 2745 do·

94 2763 151 2824 ium
164 2768 314 2845 advertet,
335 2766 408 2827 mibi
422 2768 460 2828 de
474 2770 526 2829 illo
541 2767 690 2827 monuisse
707 2767 787 2826 sotis.
829 2767 872 2825 lie
888 2765 1009 2843 Georgii
1022 2786 1175 2845 argumen-

93 2851 170 2910 tandi
198 2851 416 2912 consuetudine
438 2852 549 2913 redibit
578 2853 684 2912 iteruin
708 2872 813 2915 sermo.
865 2851 1020 2910 Csctesum
1039 2852 1173 2915 Amosim

94 2952 155 2993 cum
166 2934 443 3015 biisplrrsgmuthosi
458 2936 600 2996 confundi
617 2955 703 3015 posse
720 2943 819 2997 monet
835 2932 948 2995 riutbor
960 2935 1059 3014 pagio.
1073 2941 1125 3004 69.
1138 2940 1173 3003 B,

91 3013 181 3078 liuius
194 3021 281 3080 etiam
301 3021 457 3100 ttynestioe
475 3022 512 3080 od
529 3020 657 3080 tmesim
671 3019 768 3099 bunc,
791 3020 843 3100 qui
858 3019 945 3078 etiem
960 3018 1174 3099 Misphragmu.

90 3099 179 3162 tboais
192 3100 263 3163 anni
277 3105 463 3166 solummodo
477 3110 527 3173 69.
543 3116 747 3166 numerantur.
782 3104 911 3165 Cbebros
931 3104 980 3167 13.
1000 3103 1172 3187 Amenopir.

90 3183 146 3245 tbis
161 3193 210 3253 21.
232 3190 378 3268 Amersis,
400 3191 449 3268 qui
466 3210 532 3270 pag.
546 3195 598 3257 71.
639 3190 779 3251 Aurenses
797 3189 918 3266 legitur,
939 3192 992 3252 22.
1012 3187 1171 3271 blisepbris

90 3273 136 3335 13.
155 3293 266 3332 summe
288 3279 339 3340 69.
382 3274 429 3335 Ex
450 3274 548 3335 verbis
565 3285 664 3335 tumen
683 3296 748 3356 pag.
768 3281 818 3341 71.
836 3273 875 3333 D.
896 3270 1006 3330 elutius
1025 3283 1054 3332 et
1072 3296 1173 3338 corre·

88 3355 161 3414 etius
175 3357 321 3437 expressis
335 3359 431 3419 isteor
444 3358 496 3419 bie
507 3360 675 3437 legendum.
698 3352 849 3440 ‹ipori'oisni
859 3347 1003 3436 'tipoiosoe
1017 3355 1072 3433 tor
1089 3364 1172 3424 Μισ-

89 3437 358 3523 φραγμουθῶσεως.
401 3444 561 3503 Arsrsorum
583 3466 705 3504 summu
729 3444 768 3502 od
795 3442 891 3500 Amos
913 3460 1009 3519 usque
1029 3442 1172 3504 «11Μὼ-

83 3525 346 3606 ptrmgmutlrosim
363 3539 417 3589 eto.
457 3528 512 3589 His
529 3529 650 3610 Georgii
674 3524 891 3608 argumentatio
915 3528 1098 3589 commodius
1118 3529 1172 3591 sd·

87 3618 212 3689 aptatur.

166 3692 252 3759 Kerd
267 3690 451 3779 Ἆφρικανᾶν
463 3697 515 3761 sei
522 3691 696 3778 111σέ11111]
714 3697 774 3756 Nec
789 3694 946 3756 Africanus
959 3715 1014 3756 nec
1026 3696 1170 3759 Eusebius

87 3780 367 3858 exprimeremus
381 3784 431 3843 vel
447 3792 576 3865 quatuor
593 3784 751 3861 itynsstiss
770 3787 818 3847 18.
832 3801 935 3860 regum
956 3782 1099 3841 oetstibus
1118 3802 1172 3841 en·

86 3879 189 3923 norum
206 3871 275 3933 120.
290 3885 434 3926 summsm
450 3868 630 3947 compingite
653 3877 789 3945 questum
807 3867 885 3925 enim
901 3866 1001 3926 omisit
1015 3864 1170 3942 Eusebius,

85 3955 232 4023 postremo
256 3951 385 4011 detraxit
405 3971 513 4011 unum:
537 3951 695 4011 Africanus
713 3951 801 4032 primi
825 3951 924 4010 nullos
944 3952 1046 4030 posuit
1065 3969 1170 4013 conos.

84 4028 223 4092 Eusebius
232 4043 332 4094 tamen
347 4036 435 4116 primi
451 4035 585 4101 Amosios
601 4037 652 4102 25.
672 4037 829 4111 recensuit,
850 4036 982 4115 reliquos
998 4034 1170 4095 Aisicsuusz

83 4121 170 4257 leetcpx
192 4116 347 4198 utriusque
361 4119 490 4201 privatis
509 4118 631 4179 calculis
651 4126 794 4188 uua120.
809 4138 957 4181 senorum
973 4135 1087 4178 summa
1109 4118 1170 4179 col·

138 4209 230 4262 sest.

149 4280 225 4364 'Eser
239 4279 306 4365 psi]
327 4284 552 4348 Emendendum
565 4281 602 4350 κ’.
616 4287 648 4348 in
663 4281 717 4371 ρκ’.
731 4287 843 4368 privsti
857 4305 1005 4346 sonorum
1024 4286 1168 4366 cuiusque

83 4366 155 4451 regis
174 4367 287 4431 calcidi
312 4372 450 4453 probent.
497 4372 628 4435 Secundi
651 4371 869 4455 Aueuopbtbis
888 4369 1040 4434 Librsrius
1064 4371 1167 4454 posuit
