2888 5002
259 388 336 467 626
636 402 981 475 EMENDATIONES

260 580 332 622 suae
345 559 483 622 restituta
494 559 642 638 libertati,
664 560 742 622 Iulio
756 560 876 623 Caesare
888 562 1039 625 Dictatore
1055 566 1255 646 proclamato,
1275 585 1336 628 suos

259 667 354 710 annos
374 647 514 728 deinceps
528 656 690 726 coeperunt
707 647 771 707 eius
788 646 870 708 cives
882 646 1050 728 numerare)
1071 650 1257 731 Olympiadis
1273 656 1336 719 182.

260 756 339 794 anrro
349 743 476 814 quarto,
497 742 566 791 ante
581 731 730 791 Christum
742 741 849 792 octavo
864 751 953 811 supra
968 736 1240 812 quadragesimum,
1259 745 1288 795 et
1305 744 1336 795 ut

258 818 375 880 Author
392 816 536 895 Georgius
550 817 588 875 ad
602 836 672 876 suos
684 827 803 897 putaret
817 818 948 877 calculos
960 818 1063 876 anundi
1078 821 1172 885 5453.
1191 818 1336 880 inchoasse

259 904 414 963 doctrinae
433 912 600 981 temporum
621 901 780 983 scriptores
804 902 973 982 praecipui,
994 903 1122 961 maxime
1143 903 1197 983 qui
1214 905 1336 980 Scalige-

258 1009 326 1050 rum
344 987 396 1046 lib.
417 990 449 1053 3.
470 987 542 1063 lsag.
566 988 639 1046 Can.
660 1006 726 1067 psg.
747 990 819 1053 295.
842 987 946 1046 ducem
970 996 1154 1066 sequuntur,
1180 988 1336 1048 communi·

259 1083 306 1133 ter
324 1072 464 1148 tradunt,
487 1081 521 1130 ut
536 1074 618 1132 tcstis
635 1082 680 1131 est
699 1073 752 1149 qui
768 1072 947 1131 contrariam
965 1068 1022 1130 init
1044 1072 1220 1131 sententiani
1238 1071 1336 1132 erudi-

259 1166 307 1217 tus
322 1156 461 1217 Petavius
481 1156 678 1222 lib.10.toto
699 1176 765 1236 cap.
784 1161 833 1222 62.
860 1156 991 1217 lluinscc
1009 1176 1092 1216 aerae
1107 1158 1144 1215 ab
1164 1154 1336 1217 Antiochen·

259 1242 342 1301 sibus
358 1251 517 1320 usurpatae
533 1251 657 1320 quartus
677 1261 767 1318 supra
784 1242 960 1318 vigesimum
975 1243 1160 1320 completus,
1182 1261 1234 1301 seu
1246 1241 1336 1323 potius

259 1326 384 1405 quintus
402 1347 437 1385 ac
459 1326 617 1404 vigesimus
639 1327 670 1385 in
693 1326 879 1406 Olympiadis
899 1331 967 1392 189.
987 1346 1097 1385 anirum
1111 1327 1257 1406 primum,
1275 1334 1336 1384 aute

259 1409 411 1470 Christum
424 1414 473 1476 23.
490 1420 520 1470 et
537 1412 574 1470 ad
591 1412 708 1489 Georgii
722 1410 818 1470 nostri
837 1420 1009 1490 consputum
1022 1411 1053 1470 in
1069 1409 1173 1469 mundi
1185 1414 1272 1478 5478
1287 1409 1336 1468 iu-

259 1496 363 1556 currit.
406 1495 498 1554 lidena
512 1516 604 1575 porro
619 1506 786 1575 temporum
803 1516 838 1554 ac
851 1495 1033 1555 diversarum
1047 1496 1197 1554 rationum
1217 1493 1337 1555 calculos

256 1589 386 1641 tractare
397 1579 478 1639 soliti
492 1581 652 1659 scriptores
666 1581 737 1640 anni
749 1580 920 1660 Aegyptiaci
935 1580 1114 1660 principium
1136 1579 1187 1659 (dc
1205 1600 1261 1660 que
1274 1579 1336 1638 hre-

256 1665 338 1726 viter
357 1666 502 1724 raonnulla
522 1675 660 1724 tantarum
680 1666 804 1725 istarum
827 1685 894 1745 pag.
917 1670 944 1730 1.
964 1670 994 1731 6.
1016 1674 1047 1724 et
1068 1668 1118 1731 13.
1141 1660 1336 1742 delibavimus)

257 1749 290 1808 in
313 1759 427 1809 certum
452 1750 522 1808 anari
542 1751 637 1809 nostri
657 1751 761 1810 luliani
781 1750 859 1810 dicru
872 1760 939 1809 ante
951 1770 1081 1830 pugnam
1096 1747 1247 1809 Actiacam
1265 1748 1336 1807 ioci·

257 1834 336 1896 disse
353 1844 481 1912 negant,
509 1835 593 1894 nullo
613 1836 723 1916 quippe
744 1834 916 1895 intercalari
937 1836 1017 1916 apud
1039 1834 1199 1913 Aegyptios
1216 1842 1336 1913 recepto,

259 1940 371 1978 anirum
392 1919 454 1979 illis
475 1918 617 1977 usitatum
632 1940 691 1979 uno
708 1919 755 1979 dio
771 1920 919 1979 lulianum
934 1928 1115 1979 antevertere
1137 1938 1253 1978 necesse
1272 1917 1336 1977 luit:

160 2009 193 2064 P.
208 2007 244 2064 te
261 2005 383 2084 eiusque
395 2003 520 2063 subinde
534 2005 665 2084 primum
680 2004 774 2080 diem,
796 2026 899 2084 vagam
911 2024 1027 2084 semper
1041 2015 1070 2062 ct
1083 2004 1227 2063 incertam
1246 2003 1277 2061 in
1289 2021 1336 2061 au·

256 2110 297 2149 no
310 2090 425 2148 luliano
440 2089 539 2149 sedem
554 2088 697 2150 hahuisse.
733 2091 867 2170 Aegypto
881 2108 952 2147 vero
967 2098 1037 2168 post
1052 2089 1205 2148 Actiacam
1220 2104 1337 2168 pugnam

256 2174 366 2233 domita
375 2218 384 2249 ,
406 2170 603 2253 licinanisquc
619 2175 733 2252 legibus
748 2195 784 2233 ae
799 2173 942 2233 institutis
958 2173 1092 2251 subdita,
1115 2174 1183 2252 vagi
1198 2173 1278 2232 illius
1289 2192 1337 2230 aa·

255 2258 289 2318 ni
303 2259 353 2317 lex
366 2258 456 2317 simul
475 2259 613 2335 abrogata
629 2269 690 2335 est,
712 2269 741 2318 et
757 2258 896 2335 alterius,
916 2258 1002 2318 cuius
1022 2258 1102 2318 lixus
1124 2259 1203 2319 loret
1217 2258 1248 2316 ira
1264 2274 1336 2316 aona

255 2343 373 2403 Iuliano
389 2342 503 2422 primus
515 2342 616 2421 linies,
637 2344 821 2403 corisuetudo
836 2343 972 2403 admissa.
1002 2343 1098 2402 Cessit
1112 2343 1232 2403 Actiaca
1245 2341 1334 2402 victo·

254 2427 302 2488 ria
325 2429 441 2487 Caesari
465 2429 616 2504 Angusto,
645 2438 736 2508 prout
757 2428 933 2503 Africanus,
956 2428 1041 2488 cuius
1060 2427 1135 2488 haee
1156 2427 1245 2489 verbe
1263 2434 1336 2503 suut,

256 2521 363 2593 putat,
387 2512 573 2592 Olympiadis
589 2516 658 2578 187.
674 2533 753 2574 anno
767 2516 796 2580 4.
811 2513 1004 2573 antechristi
1022 2515 1150 2573 natalem
1169 2530 1275 2572 annum
1289 2511 1336 2575 28·

253 2598 357 2657 mundi
373 2597 465 2663 5472.
482 2617 542 2676 quo
555 2598 674 2656 erratici
690 2598 760 2658 anni
776 2596 892 2673 Thotis,
914 2598 978 2658 sice
997 2598 1197 2678 principium,
1220 2591 1335 2673 Augusti

252 2683 364 2741 mensis
378 2683 456 2741 diona
471 2687 521 2747 29.
537 2683 710 2762 occupabat.
752 2684 829 2742 Exin
851 2685 1006 2762 utriusque
1028 2682 1182 2750 annidies
1202 2680 1288 2754 serti,
1307 2684 1336 2736 et
1421 2686 1422 2693 ’

252 2765 359 2826 iisdem
377 2766 482 2845 spatiis
495 2787 511 2823 a
525 2786 555 2825 sc
569 2768 695 2827 invicem
711 2767 824 2842 dissiti,
850 2768 909 2826 labi
929 2775 1100 2846 coeperunt.
1142 2762 1336 2824 verumenim-

254 2870 345 2924 vero,
366 2851 472 2909 vitiosa
485 2850 592 2910 loliani
608 2853 677 2910 atini
694 2852 887 2932 disppsitione
901 2871 939 2909 cx
951 2851 1075 2910 adiectis
1090 2849 1265 2930 quibusdam
1277 2848 1336 2907 dis·
1420 2906 1421 2913 ,

255 2933 312 2994 bus
326 2933 552 2994 intercalaribus
570 2935 727 3016 superfluis
742 2936 920 3014 Aegyptium
934 2956 950 2994 a
964 2937 1106 2996 mendoso
1122 2935 1238 2996 Iuliano
1250 2951 1337 2994 exor-

254 3017 350 3078 bitare
363 3028 501 3095 cogente,
524 3019 626 3080 codem
641 3019 758 3080 Iuliano
774 3020 964 3099 postmodum
979 3021 1139 3099 castigato,
1162 3030 1191 3082 et
1208 3013 1338 3099 Aegyptii

254 3103 356 3163 ‘thoth
372 3103 531 3163 adanensis
547 3106 672 3181 Augusti
685 3111 738 3171 29.
753 3106 846 3173 diem,
869 3125 951 3185 quo,
973 3105 1097 3165 subacta
1110 3106 1256 3185 Aegypto,
1277 3100 1338 3183 pn'·

255 3208 337 3248 muni
360 3196 498 3263 steterat,
535 3200 697 3265 revocato,
728 3210 764 3249 ac
790 3190 909 3249 demum
936 3202 1058 3271 recepto
1083 3190 1123 3250 ad
1151 3185 1336 3250 accuratioris

255 3273 461 3333 Astronoaniac
472 3272 587 3351 regulas
600 3274 770 3334 intercalari
789 3276 853 3349 dic,
874 3275 969 3335 fixum
985 3276 1125 3356 deinceps
1139 3284 1170 3335 et
1191 3277 1336 3334 immotam

253 3357 370 3439 primus
384 3358 492 3417 meanis
510 3359 686 3438 Aegyptius,
710 3362 760 3420 cui
779 3360 879 3420 'slsoth
899 3381 1023 3437 nomen,
1045 3367 1098 3429 29.
1120 3360 1244 3438 Augusti
1257 3353 1336 3436 pris·

254 3440 371 3521 cipium
391 3441 531 3505 obtinuit.
575 3445 739 3505 Perfectum
759 3445 841 3505 illam
858 3455 889 3505 et
908 3445 1073 3506 absolutam
1095 3444 1250 3522 utriusque
1271 3433 1336 3497 suoi

253 3524 475 3605 reparationem
503 3538 648 3587 memorat
675 3529 834 3588 Africanus
861 3530 1030 3589 institutam
1056 3527 1242 3607 Olympiadis
1271 3524 1335 3588 189·

253 3629 334 3669 anno
357 3609 465 3690 primo.
507 3600 550 3688 ἦν
567 3604 729 3691 Ὀλυμπιὰς
750 3608 832 3692 ρπθ’.
853 3631 914 3690 quo
929 3613 1087 3692 supcrlluia
1104 3610 1222 3671 duobus
1238 3606 1336 3668 diebos

254 3693 480 3755 intercalaribus
502 3692 642 3770 sublatis,
672 3695 797 3774 reliqui,
827 3705 863 3753 ut
889 3697 1053 3776 coraposito
1079 3693 1220 3775 deinceps
1238 3690 1337 3752 ordios

253 3780 459 3861 procederent,
474 3788 546 3839 aunt
559 3778 733 3853 instaurati,
755 3798 815 3858 quo
829 3778 932 3838 codem
945 3799 1030 3840 aerae
1042 3778 1243 3839 Antiochense
1254 3794 1337 3856 quar·

252 3873 303 3924 tus
316 3866 364 3924 ecl
377 3865 497 3944 quintus
513 3881 604 3943 supra
618 3862 792 3943 vigesimum
812 3864 979 3945 completus
1000 3865 1226 3941 numerabatur,
1245 3861 1337 3921 idem-

253 3968 312 4049 ‹pue
329 3948 553 4010 intercalatione
568 3949 645 4007 lacta
662 3948 842 4028 conspicuus
864 3959 943 4024 erat,
965 3958 995 4009 et
1014 3949 1178 4009 bissextilis
1197 3945 1336 4022 audiebat,

252 4055 320 4110 ητις
339 4030 398 4115 πρό
419 4028 453 4105 ς’.
478 4034 648 4095 Καλανδῶν
669 4034 818 4113 Μαρτίων
832 4030 914 4101 ,sard
932 4031 1091 4116 Ἀντιοχεῖς
1112 4030 1167 4098 ed'·
1188 4031 1284 4115 ἢχθηῖ
1304 4046 1336 4087 ⁸⁶

254 4117 375 4178 tandein
388 4118 439 4196 qui
453 4116 588 4177 ell'racnis
603 4127 632 4178 et
643 4116 752 4197 absque
766 4118 835 4197 iugo
848 4117 1003 4181 incedebat
1015 4120 1232 4203 Aegyptiorum
1245 4130 1336 4175 ⁸¹²⁰!

254 4197 351 4261 lixum
365 4212 532 4284 suturaque
544 4202 637 4279 diem,
659 4223 720 4282 quo
742 4203 889 4264 desineret
904 4213 935 4264 et
947 4216 1164 4285 renovaretur,
1183 4206 1216 4266 in
1228 4201 1336 4268 heliu·

255 4292 301 4343 eat
321 4297 509 4366 assequutm:
531 4281 575 4352 δι’
590 4279 629 4369 sle
642 4287 692 4352 tet
708 4291 769 4351 sair
784 4285 877 4369 delur
897 4288 964 4371 lma
978 4287 1153 4368 ttneotte.
1194 4284 1337 4350 vidend·

255 4364 308 4429 hic
320 4371 456 4434 Petariua
472 4372 524 4436 lib.
539 4377 589 4442 10.
604 4373 642 4436 de
656 4374 743 4436 lloct.
754 4374 857 4458 Temp.
872 4394 937 4456 cap.
951 4381 1005 4445 71.
1047 4378 1141 4455 Quod
1161 4375 1287 4454 Scaliger
1302 4368 1337 4430 ds
