2864 5004
450 363 507 434 ΕΤ
528 364 877 434 Annornt'lottsss.
1124 357 1199 433 487
1304 410 1309 420 .

118 520 306 583 desolationis
319 520 380 600 egit
393 520 561 594 Sabbatum.
583 541 678 601 usque
692 521 764 583 dum
781 523 1003 605 complerentur
1015 523 1200 607 septuaginta

117 608 195 667 anni.
238 602 326 678 Quod
352 607 397 665 sic
418 607 551 685 equidem
577 606 802 685 intelligendum
828 619 918 688 puto,
946 612 1030 690 quasi
1049 620 1095 672 tot
1114 612 1200 672 annis

116 700 191 749 terra
216 691 358 750 manserit
377 689 504 767 insulto,
532 701 607 770 quat
629 712 722 752 annos
748 692 918 754 Sabbatioos
939 695 1038 754 ludaei
1061 717 1078 754 α
1100 697 1198 776 primo

113 782 209 832 terrae
223 774 445 834 chanaanitidis
461 776 595 855 ingressu
610 775 758 838 celebrare
774 779 976 856 neglexerant:
998 789 1031 839 nt
1042 778 1116 839 naec
1135 779 1200 860 ipsa

112 860 325 938 septuagenarii
340 860 455 918 numeri
467 861 554 921 toties
565 862 746 924 recurrentis
759 864 944 925 concinnitas
955 884 1094 943 magnum
1102 862 1199 926 videri

113 945 206 1022 possit
222 943 368 1002 iudicium
385 954 519 1023 repertas
535 946 677 1007 veritatis.

195 1030 382 1106 Σεοιχείωσις
396 1023 546 1111 duppin]
561 1030 660 1089 liausl
678 1024 804 1111 α’κριβὴς
820 1049 895 1111 quas
913 1028 1108 1111 paralogismo
1124 1031 1198 1092 niti·

113 1119 169 1170 tur.
192 1111 266 1170 Vide
277 1114 472 1190 penultimam
487 1127 600 1175 notam.
630 1115 804 1176 Emendatio
821 1136 911 1196 porro
925 1117 1041 1175 reusneri
1057 1112 1089 1180 ε’.
1103 1116 1136 1176 in
1150 1111 1197 1199 ιγ’.

111 1195 256 1274 probetur
279 1198 312 1255 in
337 1200 485 1259 annotatis
506 1198 545 1260 ad
562 1198 657 1281 ipsius
684 1201 779 1261 onias
806 1200 961 1262 historiam
981 1219 1049 1283 pag.
1070 1206 1143 1269 277.
1163 1200 1196 1266 C.

113 1288 332 1342 occurrentem.
512 1344 519 1352 ,

194 1364 263 1443 Peg·
284 1368 354 1431 218.
380 1365 525 1449 Τίσσαρις
542 1361 721 1449 γεγόνασιν]
749 1366 795 1427 lta
807 1368 896 1429 lectio
912 1375 1052 1448 comupts
1065 1367 1196 1429 restitui-

111 1458 160 1510 tttt·
176 1470 215 1509 ex
234 1456 262 1515 1.
283 1450 379 1513 l‘amt.
400 1472 466 1533 cap.
485 1457 516 1518 3.
538 1452 568 1526 ν.
591 1454 639 1517 15.

192 1532 227 1677 ‘3
248 1533 300 1597 καί
317 1528 472 1618 Ἰεχονίας]
494 1536 574 1596 ilaec
588 1554 656 1595 oum
669 1555 760 1618 supra
774 1535 881 1618 positis
894 1555 961 1617 pag.
975 1539 1047 1604 216.
1062 1535 1097 1595 Ι).
1111 1556 1196 1597 eom-

162 1636 201 1675 an
224 1638 251 1677 a.

108 1637 163 1697 lm
184 1699 268 1762 'Erre
279 1704 378 1789 τρίτῳ,
400 1703 456 1778 ἕως
467 1708 523 1767 τοῦ
535 1699 667 1786 ὀγδόου]
689 1703 754 1778 Qua
772 1705 868 1779 tertio,
883 1724 941 1781 qua
955 1711 1061 1780 quarto
1073 1701 1193 1764 scribite

108 1784 197 1845 tertio
211 1786 353 1844 nimirum
369 1790 528 1865 completo,
549 1798 579 1845 et
598 1790 718 1849 ineunte
734 1798 850 1865 quarto.
883 1789 984 1844 Alter·
1002 1786 1082 1844 linea
1101 1806 1195 1866 eupe-

108 1871 203 1938 tiore,
231 1867 306 1930 notai
324 1864 358 1930 τὰ
376 1869 531 1949 τὲταρεονι
565 1868 616 1928 bio
638 1871 695 1932 ἔτει
715 1872 813 1948 τρίτῳ.
857 1868 1015 1929 Λείειιιιιίιει
1035 1869 1145 1930 clarior
1164 1880 1195 1932 st

107 1954 290 2014 etuendatior
305 1961 404 2012 textus
420 1973 484 2033 pag.
504 1959 576 2020 221.
591 1950 623 2013 G.
637 1964 666 2013 et
680 1954 798 2012 tabulae
813 1951 952 2012 Clarouol.
968 1973 1034 2033 pag.
1050 1953 1123 2020 476.

191 2037 259 2113 1’23·
280 2042 352 2103 219.
370 2032 561 2120 ’Λεεαγορειίει
580 2035 614 2101 dl
633 2033 685 2102 riv
701 2032 881 2117 dotaverit]
909 2039 1006 2096 troam
1021 2047 1193 2119 corruptus,
1206 2042 1239 2098 Ρ.
1255 2046 1290 2099 ⁶⁰

106 2129 138 2183 et
155 2120 277 2180 sibimet
294 2120 416 2181 adversa
435 2122 592 2183 continens
612 2121 670 2197 tao
690 2132 778 2202 paeto
796 2122 973 2183 restituitur.
1015 2116 1195 2205 sinnyapeeiss

107 2203 141 2270 dl
161 2201 216 2270 τίν
234 2201 390 2281 Σαλαθιήλ
413 2199 473 2271 sind
492 2206 635 2269 Σεδεκίαν
653 2211 812 2286 τεχθῆναι,
834 2204 875 2279 είς
894 2208 1055 2285 fideiussori
1069 2211 1113 2291 τῷ
1130 2212 1197 2294 Θεῷ

106 2284 284 2376 yeposo'sor,
308 2282 376 2352 tte·
395 2283 457 2353 sind
479 2285 623 2370 Ἰααχείμ,
644 2286 682 2353 ὃν
703 2288 755 2352 καί
772 2284 911 2370 Ἰεχονίαν
924 2295 1017 2353 καλεῖ.
1059 2291 1195 2353 Sedeciae

106 2377 187 2437 eninr
195 2422 205 2452 ,
224 2393 280 2433 eeu
295 2373 354 2434 ileo
369 2393 484 2448 exosus,
504 2375 613 2452 quique
627 2373 658 2433 in
671 2373 851 2455 Babylonem
865 2374 1011 2433 abductus
1023 2385 1092 2454 post
1105 2376 1195 2437 breve

105 2459 250 2537 temporis
271 2459 399 2537 spatium
422 2479 441 2518 a
461 2458 735 2530 Nabuchodonosor
757 2458 875 2520 victore
899 2460 965 2518 treci
990 2458 1120 2520 traditus
1148 2468 1195 2520 est

106 2563 177 2604 eum
197 2540 281 2616 siliis,
303 2543 521 2603 suecessoribus
541 2544 649 2604 ensuite
672 2552 873 2624 nepasautesn
892 2544 955 2603 eius
970 2542 1117 2620 loaclrim,
1138 2543 1190 2623 qui

105 2638 136 2690 et
159 2624 327 2702 leobanius,
358 2627 561 2687 novemdecim
590 2628 675 2688 annis
701 2627 786 2707 prius
806 2628 839 2686 in
855 2627 1054 2706 captivitatem
1073 2628 1192 2706 missus,

105 2713 218 2775 liberos
244 2711 382 2789 reliquits
417 2720 448 2771 et
477 2711 611 2772 ieremias
638 2711 709 2773 licet
734 2711 770 2771 ds
795 2711 848 2770 itto
873 2711 962 2771 suerit
985 2711 1191 2789 comminatus,

105 2801 297 2942 {tiit
317 2798 368 2862 30
374 2795 914 2960 ..ῗῖἕὶἶὶιΐῖὶὶὟ.ἱῗῖἴιί’ῑῖίο.’ἴί
934 2817 1191 2956 isat-..3⁸:23

105 2968 162 3046 qui
184 2962 287 3023 sedant
312 2984 402 3045 rupes·
421 2966 535 3024 ιοίίιιιιι
553 2963 663 3025 David
679 2976 707 3025 et
723 2975 902 3045 potestatem
915 2964 1024 3024 ίιαόεοί
1040 2966 1073 3023 in
1089 2975 1188 3024 terro:

104 3051 136 3110 iu
148 3069 185 3108 eo
200 3047 373 3107 vstieinium
389 3049 571 3129 completum
584 3059 645 3126 est,
665 3049 746 3130 quod
762 3051 840 3127 regia
861 3049 1005 3126 dignitato
1020 3069 1080 3108 non
1100 3048 1189 3110 suerit

105 3141 229 3195 ornatus
243 3131 324 3189 lilius
336 3133 399 3191 eius
413 3133 582 3207 zorobabel,
598 3136 732 3209 quemvis
745 3134 886 3211 praefecti
901 3142 1047 3211 potestate
1059 3132 1187 3191 doristus

104 3216 210 3301 populi
223 3232 324 3274 euram
345 3216 506 3291 susceperit
529 3221 555 3278 1.
577 3217 669 3278 l‘orsl.
691 3236 756 3293 σοι).
775 3221 807 3281 3.
826 3235 856 3274 ν.
879 3219 926 3280 16.
948 3224 977 3273 ot
998 3219 1047 3280 16.
1077 3214 1187 3274 Emen-

105 3303 255 3364 dationena
274 3300 450 3359 cantitarent
464 3298 615 3378 superiora
635 3299 766 3358 eiusdem
791 3296 964 3379 Hippolyti,
993 3297 1030 3357 de
1053 3318 1114 3378 quo
1135 3298 1188 3360 iaie

105 3386 239 3462 mentio,
259 3385 363 3444 uerba:
384 3382 440 3448 τόν
456 3381 525 3446 ulie
540 3378 669 3463 Ἰωακιίμ
686 3378 836 3462 Ἰωαχείμ,
857 3377 911 3444 τᾶν
925 3380 977 3445 καί
988 3374 1126 3462 Ἰεχονίαν
1141 3382 1186 3446 tt.

104 3468 152 3554 ys's
178 3466 251 3551 pessi
273 3465 325 3532 τείν
346 3468 459 3548 πατέρα
482 3463 669 3550 κρατήσαντα
694 3471 922 3549 μετοικισθῆναι
945 3466 988 3542 είς
1010 3469 1185 3548 Βαβυλῶνα.

104 3557 217 3630 Porro,
239 3562 274 3612 ut
287 3553 392 3613 loaeirn
405 3556 468 3613 siro
481 3553 592 3612 tuatim
606 3560 707 3632 pater,
725 3573 744 3611 a
758 3551 822 3612 lilio
834 3550 965 3612 inachim
980 3550 1055 3611 alter
1071 3560 1127 3611 est:
1143 3551 1186 3611 ita

103 3638 397 3716 geminusteelroniss
411 3647 506 3696 meanto
519 3637 786 3716 retinendus,unus
797 3634 978 3716 quitoacbss
989 3634 1083 3694 loaisa
1095 3634 1185 3711 filius,

103 3733 133 3782 et
153 3725 232 3782 alter·
250 3722 301 3801 qui
319 3721 446 3782 {oachim
459 3721 539 3780 lilius
552 3721 671 3782 loaeim.
710 3723 769 3781 ilic
784 3719 933 3780 lectioniss
945 3719 1067 3779 alterius
1083 3739 1183 3800 nepos.

191 3811 254 3867 tau
268 3803 301 3867 di
316 3802 427 3886 κόσμου
441 3799 553 3892 ,δωὸεη
575 3807 662 3866 Redit
682 3806 797 3866 dathor
813 3806 850 3862 ad
872 3813 1066 3884 expurgatum
1084 3814 1115 3864 et
1131 3822 1182 3865 re·

102 3909 173 3969 guni
189 3890 372 3969 temporibus
387 3890 563 3950 conscendent
584 3911 726 3951 annorum
743 3890 845 3948 mundi
861 3908 1015 3948 numerum
1031 3908 1182 3967 reponen-

103 3977 184 4035 dum.
208 3974 340 4034 ldanssse
354 3976 463 4056 quippe
476 3974 687 4054 quinquaginta
696 3974 828 4053 quinque
840 3974 926 4032 snnis
942 3992 959 4031 ε
974 3972 1076 4032 mundi
1088 3972 1181 4039 4⁷95.

102 4060 139 4119 ad
152 4057 246 4123 4850.
260 4070 417 4136 regnante,
438 4060 528 4119 Amos
544 4060 626 4119 tilius
649 4081 665 4118 ι
683 4060 775 4126 4850.
787 4058 825 4117 sd
841 4060 931 4124 4852.
947 4076 1068 4132 regnum
1084 4055 1179 4116 tonuit
1197 4061 1227 4114 V.
1242 4063 1278 4117 ⁵5

103 4142 235 4205 duobus:
259 4152 325 4219 post
340 4163 426 4221 quem
440 4143 527 4203 lasiae
542 4145 627 4203 annis
640 4146 690 4210 31.
705 4165 723 4201 a
739 4144 843 4202 mundi
860 4144 951 4208 4862.
964 4143 1002 4201 au
1016 4143 1107 4208 4883·
1122 4158 1182 4219 quo

106 4226 228 4289 loselras
244 4245 298 4283 rex
312 4226 480 4286 declaratus
497 4229 592 4287 tribus
607 4237 719 4286 tentum
735 4226 882 4287 mensibus
897 4226 928 4282 in
944 4246 1051 4285 uranum
1065 4232 1183 4304 reputa·

105 4315 143 4375 tis
155 4320 273 4393 seeptro
295 4311 406 4391 potitus
422 4322 483 4386 est,
505 4313 607 4373 anundi
623 4310 760 4371 nimirum
774 4314 864 4377 4883.
882 4308 952 4368 barin
965 4310 1103 4371 suecessit
1115 4308 1182 4369 loa·
