2888 5002
425 400 488 470 ΕΤ
507 394 860 471 ΔΝΝΟΤΔΤΙΟΝΕ8
1111 386 1188 463 547

99 554 331 618 areuntel’rolro
345 554 384 617 ad
396 554 554 638 imperium
567 564 687 633 vocato,
701 553 766 615 aiu·
777 571 892 614 menaea
899 560 1030 634 quatuor
1040 573 1188 637 aupraaex

99 641 295 702 aunoa'l'aciti
305 641 456 702 menarlrur
468 658 531 719 aer,
545 639 715 703 etliloriani
727 637 824 700 tribua
836 638 972 699 adiuncti
982 660 1092 701 annum
1103 661 1188 703 com-

97 736 230 807 ponente
250 722 331 806 douai
342 726 476 808 γίνονται
487 725 539 806 ἔπη
554 721 585 802 t‘.
1053 798 1058 806 ,

185 812 237 895 ru
254 811 343 896 τρίτῳ
366 809 422 874 iret
436 804 587 892 Πρόβου]
608 809 679 870 Port
692 805 836 870 loliorum
854 807 947 869 trium
965 806 1131 887 detecmm,
1150 807 1189 873 de

97 913 156 975 quo
177 894 333 974 euperiua,
352 894 389 953 ab
402 894 468 954 irtia
480 896 580 956 verbia
592 893 689 954 codex
704 891 813 970 negiu·
831 911 997 953 carmenum
1007 892 1167 955 neumae

178 979 250 1056 Peg.
269 981 343 1045 886.
364 972 500 1060 Ἐσφᾶγη
517 979 551 1043 ἓν
569 973 735 1062 Ἀπαμείᾳ]
754 977 853 1037 Looua
871 978 905 1036 in
924 978 994 1057 lldg.
1014 987 1186 1060 corruptus,

94 1062 235 1124 vitiosior
247 1083 263 1121 a
281 1063 428 1143 Scaligero
443 1065 581 1125 redditur
593 1081 659 1144 pag.
670 1068 721 1129 72.
736 1057 905 1143 ἕπαναστῆς
938 1065 954 1082 ”
964 1060 1117 1143 Ῥωμαίων
1127 1057 1185 1148 rio·
1199 1073 1232 1130 P.
1248 1074 1283 1129 83

93 1152 134 1234 κῇ
144 1140 275 1229 ἐσφάγη.
315 1192 325 1208 .
367 1191 375 1208 .
420 1192 429 1210 .
472 1148 506 1213 ie
519 1149 648 1232 Σερμίςο.
665 1145 754 1208 Barb.
766 1154 797 1205 et
812 1085 959 1221 parali,
972 1144 1099 1230 ὕστερον
1113 1147 1187 1213 tna·

93 1228 207 1306 romule
224 1234 265 1318 τῇ
280 1227 433 1313 Ῥωμαίων
455 1226 549 1320 domi,
571 1226 688 1314 ἐσφάγη
709 1230 743 1294 ἐν
760 1224 906 1317 Ἀπαμείᾳ
928 1228 990 1295 vind
1006 1237 1067 1313 reio
1088 1233 1185 1296 ἰδίων.

95 1310 350 1400 Πρόβοςῖἱσφᾶγη
363 1316 397 1380 lv
408 1319 539 1403 Σερμίφ.
561 1317 673 1378 Locum
684 1315 726 1375 ita
739 1316 912 1376 reatitutum
922 1315 1032 1397 probat
1042 1317 1186 1379 Euaebiua

93 1401 230 1462 Latinur.
258 1403 446 1461 Satur-ninere
458 1404 611 1484 Magium
630 1402 776 1461 exercitur
790 1421 901 1461 novam
917 1400 1100 1462 Antiochiae
1114 1406 1188 1463 civi.

95 1497 189 1545 tarem
204 1507 328 1545 exorem
341 1497 386 1545 eet
397 1485 532 1563 condere,
547 1490 602 1568 qui
607 1497 717 1568 purten
729 1488 888 1565 imperium
899 1487 1025 1546 molitur
1037 1485 1187 1563 invadere,

94 1570 250 1652 Apamiae
261 1569 420 1634 occiditur.
452 1572 492 1633 Et
505 1572 594 1633 infra.
622 1570 736 1633 Probua
749 1571 883 1631 tumultu
893 1570 1016 1632 militari
1027 1573 1108 1655 apud
1121 1573 1187 1634 Sir-

94 1658 189 1718 mium
205 1655 239 1714 in
250 1663 350 1732 turra,
372 1675 449 1737 quae
464 1656 576 1718 dicitur
587 1656 722 1730 Ferrata,
745 1654 905 1715 occiditur.

176 1735 305 1821 Κόσμον
326 1740 376 1821 ἔτη
397 1734 512 1825 ,euni-J
534 1740 622 1801 Anno
645 1739 683 1799 ab
704 1738 783 1799 orbia
805 1736 997 1798 incunabulis
1012 1739 1105 1806 6770.
1120 1749 1151 1800 at
1167 1763 1186 1802 a

91 1822 251 1886 christiin
265 1826 411 1886 mundum
425 1828 556 1886 adventu
570 1829 644 1893 270.
666 1823 881 1884 Diocletianum
895 1822 1013 1902 imperii
1027 1825 1110 1885 Rom.
1126 1846 1187 1905 po·

89 1918 228 1970 teutatem
243 1919 434 1990 arrequutuna
447 1910 614 1970 communia
627 1919 690 1969 erat
701 1907 781 1968 inter
794 1907 960 1968 Hiatoricoa
977 1907 1098 1987 Georgii
1108 1911 1188 1990 Syn-

90 1994 162 2054 celli
176 2002 311 2076 tempora
320 1996 422 2056 notio:
443 2005 474 2056 et
486 2015 525 2055 ex
537 2014 571 2054 ea
587 1991 783 2075 Theophanea
797 1992 917 2071 Georgii
931 2012 1056 2053 corevua
1071 2003 1101 2054 et
1114 2015 1187 2054 con-

89 2079 226 2139 tinuator
246 2081 352 2140 mundi
373 2081 467 2148 6770.
488 2078 598 2141 Chriati
612 2084 683 2147 270.
698 2088 729 2139 et
745 2077 921 2139 Diocletiani
938 2079 1070 2156 primum
1084 2079 1186 2141 rtatim

90 2162 125 2223 in
149 2162 290 2223 hirtoriaa
313 2164 418 2225 limine
437 2165 527 2226 eimul
546 2164 697 2225 devinxit:
726 2181 765 2223 ex
787 2162 889 2223 eadem
903 2182 1007 2228 ruraua
1027 2163 1093 2224 Cari
1115 2184 1185 2226 cunr

89 2247 162 2309 filii·
176 2247 297 2328 imperii
315 2249 478 2331 primordia
499 2249 532 2310 iu
554 2269 648 2309 annor
667 2247 773 2308 mundi
784 2247 932 2307 relaturua
946 2247 1091 2326 Georgica
1112 2248 1187 2329 ipae,

89 2333 249 2395 confertim
263 2352 301 2392 ax
311 2333 514 2416 praeiudicato
529 2333 562 2394 in
576 2333 681 2394 mundi
694 2334 788 2401 6775.
810 2328 910 2417 (annia
923 2331 1003 2392 onim
1017 2332 1100 2393 rtetit
1115 2342 1187 2393 tan·

89 2425 156 2479 tum
169 2414 301 2503 duobue)
323 2418 462 2482 coniecit.
490 2419 619 2479 Calculia
631 2429 731 2479 tamen
742 2417 873 2500 propriie
885 2416 1043 2497 decipitur.
1071 2419 1186 2479 Probua

89 2522 307 2649 1alu-iililiirinrli¹
307 2502 550 2656 ἰόῧὸωεοὲἒέ
551 2525 605 2650 Ἠ
612 2500 923 2669 ilaipletiilirrieiociitaii¹
924 2502 1177 2655 plliofil'lde'ildr
1175 2547 1186 2580 ⁹

392 2633 399 2647 e
919 2630 928 2663 ,
1090 2632 1097 2647 e
1167 2622 1187 2638 ⁸

88 2681 204 2734 tentem
226 2681 256 2732 et
274 2670 441 2734 rbeolutum
462 2673 575 2734 tenuit:
604 2692 697 2752 quare
713 2673 824 2747 (larua,
844 2672 1041 2731 Numerianua
1055 2681 1085 2730 et
1098 2671 1185 2732 Cari·

89 2778 150 2819 nuo
164 2777 246 2817 anno
261 2758 355 2825 6777.
368 2757 490 2819 ineunte
504 2758 564 2818 illc·
573 2756 662 2839 potiti
682 2765 753 2836 port
768 2775 862 2830 annua
874 2754 967 2830 duca,
988 2755 1020 2815 id
1035 2765 1079 2815 eat
1091 2759 1184 2824 6778.

88 2841 201 2919 linito,
221 2843 368 2923 impetere
388 2843 553 2904 deeierunt:
582 2860 673 2921 quare
694 2840 870 2901 Diocletiani
887 2839 1082 2921 auapicia,ni
1103 2861 1185 2901 con-

89 2936 208 2987 mater
230 2926 371 3006 loquutur
391 2928 551 3007 Georgica,
576 2927 610 2987 in
629 2925 733 2986 mundi
751 2926 843 2992 5779.
869 2944 1025 2986 removere
1053 2934 1183 2986 tenetur.

88 3013 168 3073 Aera
190 3030 283 3089 porro
302 3011 480 3073 Diocletiani
495 3034 512 3072 a
526 3012 647 3073 Graecia
658 3009 850 3087 authoribua,
871 3010 924 3090 qui
938 3008 1134 3070 Chriatiananr
1149 3011 1184 3070 in

89 3093 199 3157 mundi
218 3097 311 3162 6600.
332 3097 509 3176 conserunt,
530 3097 569 3155 ad
587 3096 692 3156 mundi
703 3097 798 3163 6777.
816 3097 931 3176 perita,
953 3095 1098 3172 colligunt
1113 3094 1183 3173 ple·

88 3181 180 3262 rique
193 3186 366 3257 computum
378 3180 499 3240 illorum
513 3180 550 3238 ab
565 3181 677 3255 altero,
697 3178 783 3238 iuxta
799 3198 887 3258 quem
907 3177 1016 3239 christi
1037 3179 1143 3238 natalia
1165 3199 1184 3239 e

89 3264 198 3327 mundi
211 3264 304 3334 6498.
318 3274 570 3346 praeoccupatur,
590 3264 711 3339 nullum
721 3261 829 3323 habere
840 3262 1009 3324 discrimen.
1049 3262 1113 3324 Hac
1125 3283 1183 3324 au·

87 3360 152 3411 tem
177 3350 449 3428 argumentatione,
481 3369 569 3430 quam
588 3349 654 3430 pari
673 3342 817 3428 methodo
843 3348 991 3409 renuentia
1013 3368 1184 3409 accommo·
1246 3398 1257 3417 .

89 3435 167 3496 dant
188 3433 280 3509 lucia,
309 3435 519 3495 conciliatura
539 3432 715 3493 atabilivieae
734 3433 925 3494 arbitrantur.
967 3434 1043 3497 Aera
1062 3433 1184 3494 Diocle-

88 3519 167 3581 tiani
183 3518 307 3601 propria
323 3539 385 3580 non
403 3541 496 3581 annor
509 3519 604 3580 colum
618 3522 688 3586 277.
703 3537 719 3575 a
733 3516 846 3576 Chriati
861 3516 951 3578 natali
964 3527 1107 3595 numeret,
1129 3518 1183 3580 aed

87 3605 223 3684 integrm
236 3605 308 3669 284.
326 3614 483 3684 computu·
502 3604 592 3682 igitur
606 3603 659 3662 ille
672 3603 851 3662 Graecorum
865 3602 950 3662 annie
965 3608 995 3670 7.
1015 3622 1113 3663 errare
1127 3623 1183 3663 or-

87 3690 215 3769 guiturr
236 3697 268 3748 et
284 3689 484 3750 emendationi
503 3687 690 3770 accipiendae
706 3686 780 3747 alioa
793 3707 887 3746 annor
902 3693 934 3755 7.
946 3689 1134 3768 expostulata
1155 3686 1181 3748 ia

87 3793 165 3835 vero
180 3781 227 3833 eet
238 3772 291 3853 qui
305 3771 415 3834 chricti
431 3783 532 3834 ortum
543 3771 648 3835 mundi
662 3772 757 3838 6500.
771 3771 941 3850 conaignat:
963 3792 1054 3851 quare
1068 3780 1105 3833 ut
1117 3771 1181 3832 eine

87 3858 165 3921 vitio
187 3856 345 3939 procedat,
366 3856 566 3938 in'priorem,
595 3857 647 3938 qui
664 3865 764 3915 ortum
788 3857 913 3916 eundem
932 3856 1020 3917 annia
1038 3862 1069 3924 7.
1090 3865 1181 3916 anta-

89 3941 198 4019 vertit,
227 3952 257 4002 et
274 3941 380 4002 mundi
401 3944 494 4011 5493.
516 3942 641 4016 addicit,
668 3938 821 4019 incurrat,
851 3950 881 4001 et
904 3939 942 3999 ad
963 3941 1033 4003 eiua.
1045 3961 1180 4002 normam

88 4026 261 4106 corrigatur
276 4046 427 4086 neccarum
444 4037 497 4088 eat.
532 4027 721 4087 Potiaaimum
736 4023 812 4100 hoc,
834 4044 894 4104 quo
908 4024 1063 4124 nituntur,
1082 4026 1181 4086 ratio-

88 4113 138 4174 nia
150 4131 254 4172 eorum
266 4110 360 4170 robur
375 4131 480 4191 parum
494 4112 573 4196 apud
587 4130 634 4171 me
648 4111 778 4185 valeret,
798 4109 859 4170 niai
871 4109 953 4189 quod
967 4110 1091 4170 validrur
1104 4131 1179 4191 pro·

87 4205 211 4278 ponunt
227 4194 428 4256 indictionum
443 4196 475 4257 in
488 4195 546 4257 hoc
562 4206 591 4256 et
601 4195 655 4256 illo
667 4202 827 4274 computo,
848 4193 950 4274 quoad
967 4193 1078 4255 Christi
1090 4204 1178 4254 nata-

86 4281 148 4342 leur
162 4280 250 4342 annia
262 4288 375 4360 reptem
388 4281 460 4341 totir
474 4281 628 4342 obacrvata
640 4280 769 4340 verietae
790 4276 879 4360 (quaa
890 4278 976 4339 nulla
986 4289 1085 4339 tatnen
1098 4280 1179 4341 inter

87 4365 296 4447 Glrronologoa
318 4383 383 4427 area
405 4364 558 4445 debuerat)
586 4363 670 4448 quod
695 4362 895 4440 meditantur,
923 4363 1087 4425 evinceret:
1118 4383 1177 4445 qua
