2864 5004
422 371 854 479 mennommouus.
1108 395 1182 474 tot

94 562 203 623 utiliter
215 581 252 621 ac
266 560 386 624 sortiter
397 562 537 645 reliquias
552 562 752 626 Hebraeorum
761 562 973 644 eggrediuntnr
987 564 1107 641 Perses,
1126 565 1184 626 As-

93 647 208 726 eyn'os,
231 665 287 706 ceu
308 656 442 709 vetustos
461 659 492 709 et
511 661 648 732 expertos
668 648 769 710 hostes
789 649 939 729 appellunt
959 649 1102 727 Hebraei,
1123 671 1183 730 quo

92 750 150 790 usu
171 732 307 790 Romuns
329 732 421 791 dictio
443 733 595 816 principes
613 735 685 794 olim
701 733 1032 809 nominabntdoesnrcs,
1054 735 1184 795 stillato

94 815 131 874 sb
154 815 268 875 exteris
286 815 381 891 bello,
408 818 459 878 vel
483 819 570 881 etium
593 819 693 880 excito
718 818 801 879 ciuili
823 819 971 896 tumultu,
996 819 1126 880 snnibn
1146 819 1185 880 sd

93 910 217 979 portus,
239 900 340 961 nullus
353 900 394 963 sit
407 902 535 963 Annibsl
547 904 631 980 lieet,
652 903 796 964 inclumut
811 903 912 963 [stine
923 905 1081 984 peroemia.
1121 903 1186 963 Νο-

92 982 328 1044 buchodonosor
349 985 442 1065 igitur
462 987 603 1050 Hebraeis
625 997 749 1068 putatus
770 996 815 1047 est
830 987 956 1068 quilibet
972 988 1111 1070 princeps
1126 987 1186 1050 lso-

93 1069 167 1143 stis,
189 1078 220 1128 et
240 1070 394 1130 Persorum
420 1071 578 1151 imperium
605 1073 761 1153 Assyrisce
783 1071 897 1132 ditione
919 1073 1132 1153 locupletetum
1155 1081 1186 1134 et

94 1163 238 1229 suctum,
261 1174 322 1215 non
345 1155 510 1218 insolenter
531 1157 722 1236 Assyriorum
741 1176 866 1235 regnum
885 1158 1053 1237 sppellutur
1073 1159 1143 1219 iisd.
1156 1162 1185 1224 1.

94 1256 162 1317 cap.
178 1241 209 1302 6.
227 1257 257 1299 v.
279 1238 335 1297 ult.
356 1242 501 1300 licerent
521 1244 739 1304 colemnitatem
754 1253 864 1320 septem
882 1240 988 1301 diebus
1005 1245 1037 1301 in
1055 1241 1186 1320 laetitia,

95 1324 246 1402 quostiam
258 1323 477 1402 laetificaverat
490 1347 540 1385 ens
551 1329 721 1401 Dominus,
742 1336 771 1384 et
785 1337 971 1386 converterat
981 1330 1113 1407 corregis
1124 1326 1187 1386 As·

93 1427 150 1464 tur
169 1406 242 1488 (70.
259 1408 402 1488 βασιλέως
414 1403 595 1491 Ἀσσυρίων)
617 1409 663 1470 ud
682 1432 731 1470 eos
747 1420 803 1470 etc
845 1410 903 1471 llic
917 1432 1009 1490 porro
1026 1432 1089 1472 non
1108 1412 1187 1471 alius

94 1510 187 1570 quam
201 1491 360 1554 Persarum
381 1493 537 1557 dominuse
564 1496 640 1557 llam
662 1506 693 1556 et
713 1495 887 1574 Cembyecm
902 1496 1066 1556 secundum
1079 1495 1188 1557 Nebu-

95 1574 289 1637 chodonosor
316 1576 353 1634 nb
374 1577 516 1639 Hebrseis
537 1590 677 1639 vocatum
699 1579 868 1639 Chronicon
888 1580 1123 1640 Alexandrinum
1139 1589 1187 1640 te·

93 1668 195 1719 statur
207 1679 274 1741 peg-
286 1662 361 1726 838.
374 1662 534 1743 eademque
551 1664 668 1723 ratione
680 1663 786 1723 tertius
802 1663 851 1722 vel
863 1672 985 1742 qusrtus
1000 1662 1116 1723 Xerxes
1132 1663 1187 1724 ds-

92 1743 245 1804 nominari
257 1744 366 1850 potuit.
386 1745 476 1806 Aliud
489 1748 714 1807 fundumentum
722 1738 848 1826 ixponit
857 1745 975 1807 Author
987 1768 1067 1828 seqq.
1076 1748 1186 1811 verbis.

178 1824 213 1889 ‘0
231 1852 289 1910 γορ
310 1822 400 1903 edric
415 1828 525 1911 Ξέρξης
539 1830 694 1913 Αἴγυπτον
718 1821 917 1911 ἐκκοπεῖσαν]
942 1830 1108 1893 Istiusmodi
1129 1833 1188 1894 de-

92 1912 257 1974 lectionem
275 1911 402 1974 obscure
423 1915 555 1995 suggerit
571 1915 670 1975 luditlr
687 1925 777 1997 ceput
794 1919 940 1996 primum:
959 1927 1102 1977 memoret
1116 1918 1187 1977 Sui.

93 1996 147 2057 das
159 1997 254 2058 verbo
262 1990 400 2079 ’lovdq‘ds
413 2010 515 2061 narrat
523 1999 693 2061 Herodotus
707 1999 850 2080 temporis
863 2000 944 2059 illius
954 2002 1085 2080 tcriptor
1095 2002 1148 2061 lib.
1159 2007 1187 2069 1.

92 2081 176 2143 Eine
195 2091 257 2142 tem
275 2081 432 2145 vehemens
458 2084 580 2145 ultionis
598 2084 692 2144 libido
719 2083 783 2144 eius
804 2083 910 2157 animis
929 2083 1063 2146 incussae
1086 2081 1188 2146 luditis

94 2165 359 2329 “nisime
377 2161 762 2334 mittut
772 2253 1092 2334 ...n
1103 2173 1187 2313 tt

359 2297 369 2327 ,
1178 2299 1185 2311 .

92 2273 171 2396 {inc
185 2337 380 2416 satraparum
392 2338 534 2419 regnique
548 2349 652 2400 concta
668 2338 805 2415 comitis,
827 2337 975 2399 exercitus
988 2338 1101 2417 vocati,
1122 2339 1188 2399 bel·

92 2421 125 2482 la
140 2421 278 2499 undique
291 2421 486 2500 denunciata,
508 2433 538 2483 et
553 2423 587 2483 in
606 2423 745 2484 lndaesrn
764 2421 878 2504 primes
895 2422 972 2483 ucies
994 2422 1120 2498 effusae,
1136 2423 1189 2484 rel

94 2506 178 2587 quod
192 2505 300 2565 ludses
312 2506 466 2588 Aegyptiis
482 2506 683 2569 desertoribus
699 2508 888 2583 conniveret,
909 2507 959 2568 vel
974 2510 1053 2587 quod
1072 2528 1125 2589 spe
1146 2508 1189 2567 li·

93 2589 234 2668 bea-tatis,
250 2590 346 2651 Persis
359 2593 393 2651 in
404 2592 506 2653 Medos
518 2593 634 2674 priores
645 2591 813 2673 perduelles
821 2612 903 2652 urms
916 2593 1104 2681 moventibus
1117 2591 1189 2652 belli

93 2675 209 2735 socium
231 2674 393 2755 udinnpere
411 2696 444 2738 se
464 2676 656 2757 neglexisset,
686 2686 716 2737 et
736 2671 899 2758 Arplrsxad
922 2676 1010 2736 Medo
1032 2679 1189 2753 Persarum

92 2758 254 2840 imperium
266 2760 463 2839 detrectante,
484 2761 548 2845 ipsa
561 2762 714 2823 servitutis
727 2760 884 2842 impatiens
894 2759 997 2841 iugum
1009 2763 1122 2843 puriter
1135 2781 1190 2821 ex·

94 2852 200 2904 cuters
215 2853 367 2905 tentosset.
408 2845 489 2905 llaec
502 2847 617 2926 aliquae
630 2846 712 2928 apud
725 2845 909 2907 Herodotum
924 2845 1064 2923 extentio,
1085 2856 1116 2915 et
1128 2845 1189 2916 mi-

93 2947 164 2989 rum
179 2928 213 2989 iu
233 2928 355 2990 modum
369 2927 511 2991 historiae
525 2929 630 2992 iudith
650 2931 881 3007 consentientis,
902 2931 1033 2992 contulit
1049 2930 1191 2992 adinvi-

95 3031 163 3072 cem
177 3012 258 3074 inter
269 3024 402 3076 recentes
417 3014 582 3097 scripturae
597 3024 628 3077 st
647 3013 788 3076 historiae
806 3035 908 3076 sacrse
921 3014 1098 3098 interpretes
1116 3034 1190 3076 eru·

94 3095 180 3157 ditus
193 3097 336 3159 Nicolaus
348 3097 458 3160 Abram
469 3099 503 3160 in
519 3098 632 3161 Veteris
646 3099 826 3160 Testamenti
837 3094 942 3160 Pharo.

180 3174 231 3242 Ἔν
243 3186 284 3266 τῇ
295 3186 350 3262 τῆς
361 3176 483 3264 ’Iovdeid
496 3182 613 3271 tillim]
633 3184 723 3245 Plura
742 3184 821 3246 sscri
837 3180 919 3244 illius
935 3181 1006 3245 libri
1020 3180 1188 3244 testimonia
1202 3195 1235 3251 Ρ.
1249 3190 1286 3253 64
1331 3203 1333 3209 ’

93 3261 201 3326 Iuditlr
218 3272 336 3345 terripus
354 3277 494 3346 reparato
510 3270 623 3349 templo
643 3269 818 3350 ludaeisque
838 3264 1023 3350 postliminio
1043 3269 1191 3329 revocetis

93 3348 250 3432 posterius
264 3359 406 3411 esserunt.
436 3352 507 3431 cap.
522 3351 554 3418 4.
574 3371 605 3415 v.
623 3359 654 3420 2.
680 3358 799 3415 Tremor
820 3363 848 3411 et
862 3353 969 3411 horror
989 3354 1106 3434 invasit
1119 3373 1190 3411 sen·

94 3457 151 3495 eus
169 3455 288 3511 eorum,
308 3456 345 3494 ne
358 3433 540 3515 leocsaeeret
554 3436 750 3496 ffleeuealem
762 3447 791 3495 et
802 3436 911 3516 templo
925 3437 1064 3496 Domini.
1091 3436 1192 3497 Gree-

97 3540 153 3581 cus
167 3528 270 3580 textus
285 3518 461 3597 dilucidior:
481 3519 533 3585 sel
547 3518 616 3599 περὶ
626 3516 833 3604 Ἱεροοσολῆμ,
854 3520 963 3600 iuquit,
982 3517 1035 3583 secl
1047 3524 1103 3584 roei
1112 3525 1191 3586 eset

94 3605 207 3686 suqiou
225 3607 304 3669 Θεοῦ
317 3598 419 3670 sisois
435 3600 659 3688 lenpeipdquce,
681 3600 729 3668 ὅτι
747 3598 930 3687 προσφάτως
950 3597 1030 3686 ἦσαν
1044 3597 1192 3688 ἆνοβεβη.

94 3683 292 3770 sirmium
307 3690 514 3771 circulatim.
554 3693 597 3751 Et
613 3688 650 3750 de
666 3690 858 3750 ffleruealem
879 3700 908 3749 et
929 3687 966 3748 de
989 3690 1097 3768 templo
1118 3692 1191 3750 Do-

94 3775 177 3833 mini
191 3771 252 3833 Dei
264 3776 316 3834 sui
326 3775 445 3835 turbati
457 3784 540 3852 sunt,
555 3777 632 3856 quia
644 3794 744 3835 recens
756 3771 953 3834 ascmderant
968 3795 989 3833 a
1004 3774 1191 3854 captivitate,

94 3868 124 3918 et
141 3856 251 3921 semi
270 3863 332 3937 secie
352 3857 372 3923 d
390 3854 462 3933 inde
484 3858 689 3924 uurelilseror
708 3880 805 3941 ¹nuper
823 3860 921 3919 omnis
931 3858 1068 3940 populus
1080 3860 1192 3938 suerat

96 3953 314 4023 congregatus.
346 3944 418 4024 Cep.
433 3946 463 4012 6.
479 3963 510 4005 v.
524 3949 577 4012 22.
597 3943 751 4004 Antelios
768 3964 866 4003 annos
881 3963 951 4004 cents
971 3946 1156 4003 recessissent
1169 3965 1192 4003 a

94 4029 167 4099 seia,
188 4047 284 4107 queam
298 4027 422 4089 dederat
437 4028 504 4088 illis
517 4030 622 4105 Deus,
645 4039 681 4088 ut
691 4028 881 4088 ambularent
894 4030 927 4088 in
941 4050 986 4107 en,
1003 4031 1192 4088 exterminati

96 4121 171 4172 esent
182 4112 312 4192 proeliis
325 4136 348 4173 a
360 4113 468 4174 multis
481 4114 675 4191 mtionibus,
699 4124 728 4172 et
738 4113 872 4194 plurimi
884 4133 987 4174 eorum
1003 4115 1120 4193 captivi
1138 4110 1191 4172 ad·

97 4194 189 4256 alneti
201 4207 274 4256 sunt
285 4201 321 4257 in
333 4208 517 4260 terrnmnon
531 4219 632 4260 suum,
675 4199 781 4278 Nuper
792 4210 894 4258 nutem
907 4200 1017 4260 reversi
1026 4196 1072 4256 cd
1081 4198 1191 4258 Domi-

96 4302 177 4341 num
189 4284 293 4344 Deum
302 4303 394 4343 suum
401 4327 411 4359 ,
429 4304 464 4342 es
478 4282 677 4363 dispersione,
698 4304 763 4362 quc
776 4281 906 4364 dispersi
914 4285 1048 4361 fuerant
1057 4279 1193 4351 adunati

97 4377 184 4428 eunt.
206 4376 238 4427 et
252 4388 318 4450 cap.
338 4371 371 4436 8.
402 4370 473 4427 Nun
490 4389 600 4430 eumue
623 4371 720 4429 secuti
731 4379 860 4450 peecata
872 4378 999 4449 petrum
1010 4376 1193 4443 nosuurum,

170 4464 426 4538 carency-seua,
445 4466 481 4523 n
943 4456 989 4521 tt
