3428 4998
530 422 592 492 ET
611 420 964 494 ANNOTATIONES.
1218 412 1294 485 337

230 582 354 663 Synodia,
372 600 430 643 nee
442 601 504 643 non
521 601 560 641 ex
572 601 631 642 nau
650 581 803 643 immutato
820 581 876 641 aab
892 579 998 641 Carolo
1012 576 1067 638 IX.
1086 597 1166 639 anno
1185 580 1293 641 derium

229 670 304 734 1567.
316 672 365 748 qai
379 667 496 748 primur
508 667 588 747 apud
600 686 655 727 noe
663 688 680 726 a
689 667 921 727 circumcisione
933 662 1067 739 Domini,
1087 683 1140 725 aau
1152 666 1294 726 Kalendis

226 750 477 833 imneriiincepitr
499 761 585 812 antea
605 751 685 811 euim
706 742 808 811 iancta
827 750 1062 812 Iieeurreotionia
1083 748 1164 824 dieo,
1186 752 1294 812 natalie

225 833 352 897 errtanni
365 837 473 899 noetxi.
515 836 610 911 Quam
624 836 743 916 quidem
753 837 830 896 diem
843 857 860 895 a
872 836 994 917 synodo
1003 833 1140 910 Nicaeoo,
1154 854 1192 895 ex
1203 857 1292 916 prae·

224 920 326 1001 roriptie
337 921 403 981 iilic
415 920 536 1000 regulis,
555 920 785 982 obeerrarimur.
819 921 906 982 Priua
923 931 1021 980 autem
1038 938 1222 1000 quacumque
1236 920 1295 994 die,

223 1022 275 1068 nn
286 1006 347 1066 Kal.
356 1006 451 1085 April.
461 1006 575 1081 suimet,
590 1005 703 1067 Paaolra
717 1025 834 1088 aemper
841 1005 1029 1067 celebrabant
1044 1012 1189 1065 noctratca
1200 1006 1295 1065 Galli:

223 1090 345 1166 qnoniam
361 1089 471 1150 Chriati
483 1090 672 1151 Resurrectio
690 1110 722 1150 ea
736 1092 785 1150 die
798 1092 888 1151 iuiaaa
903 1089 1086 1163 tradebatur,
1102 1109 1207 1169 nempe
1221 1109 1296 1150 xxv.

222 1170 314 1233 Hirtii.
347 1174 381 1234 ld
395 1174 500 1234 docuit
515 1175 609 1255 Epiet.
621 1175 771 1256 synodica
787 1175 923 1257 Teophiii
936 1173 1144 1242 Caeaarienaia,
1160 1174 1295 1235 Doctorie

222 1257 337 1338 notiqui,
350 1267 381 1318 et
395 1259 490 1319 vicini
498 1234 739 1339 Apoetoiicorum
752 1269 929 1340 temporum,
946 1259 1073 1319 authore
1079 1259 1157 1316 Beda
1167 1278 1231 1338 cap.
1242 1262 1294 1324 47.

221 1340 315 1404 dedet
330 1363 388 1404 rer.
404 1344 488 1403 cuiue
508 1345 603 1424 Epiat.
620 1343 711 1405 verba
723 1344 796 1404 haec
810 1365 872 1404 cese
888 1346 1034 1405 seruntur.
1079 1343 1189 1401 Omner
1205 1344 1293 1403 Galli
1310 1342 1376 1398 Η

220 1445 300 1485 imam
313 1425 393 1486 diem
406 1432 657 1505 onnivmrorium,
681 1448 761 1493 rm.
778 1432 848 1491 Kal.
862 1429 940 1509 Apr.
951 1451 1010 1509 pro
1025 1426 1178 1487 Puaclrote
1190 1439 1297 1498 terrem,

220 1506 350 1571 dicenter:
374 1511 464 1591 Quid
475 1513 561 1572 nobis
571 1525 615 1573 eet
628 1511 673 1573 ad
685 1518 793 1575 Lunae
806 1525 982 1594 computum
996 1534 1048 1572 um
1064 1510 1188 1573 Ieedeeeie
1195 1516 1298 1588 facere

219 1595 352 1655 Pardio?
378 1600 422 1656 Et
438 1619 508 1673 ciem
521 1601 653 1659 Domini
668 1601 802 1659 παιαίιπι
817 1620 1006 1681 quocumque
1021 1596 1073 1657 die
1088 1601 1199 1655 venerit
1215 1617 1297 1657 7111.

220 1679 279 1741 tat
299 1681 426 1744 Ianuar.
447 1686 494 1742 ito
514 1703 593 1746 rm.
615 1685 685 1745 Καί.
704 1685 807 1766 April.
830 1683 953 1765 quondo
975 1706 1011 1743 ea
1032 1681 1082 1740 die
1104 1683 1295 1741 Iieeurrectio

221 1762 323 1825 Cicirri
335 1768 441 1845 sciere
452 1768 591 1828 tradetur
604 1768 742 1829 debermm
755 1770 881 1829 Ραοοίια
892 1781 996 1831 tenere.
1038 1769 1193 1843 Caeterum
1206 1778 1236 1827 et
1248 1787 1295 1826 co·

218 1846 276 1910 dem
292 1850 337 1910 dia
351 1872 427 1914 xxv.
443 1854 557 1929 Martii,
578 1855 710 1935 seriaque
727 1854 838 1935 prima,
859 1854 988 1914 mundua
1010 1851 1105 1913 creari
1125 1852 1240 1932 coepit,
1263 1861 1296 1910 nt

217 1929 352 1996 Victoriua
365 1947 396 1997 et
409 1937 461 1997 alii
479 1939 643 2014 tradidere,
665 1949 696 1999 at
714 1940 885 2000 incarnatio
902 1937 1012 1998 Chrieti
1034 1934 1167 2012 contigit.
1210 1937 1295 1996 Atte-

216 2025 301 2079 atatur
307 2021 455 2082 dabertua
466 2023 606 2104 Myraeur
619 2023 651 2083 in
665 2024 775 2085 chron.
789 2026 913 2106 praefat.
927 2023 1077 2096 Brabonti,
1100 2021 1221 2081 Fiandri
1236 2024 1296 2078 (in-

215 2118 384 2168 meruceneee
399 2107 439 2167 ad
451 2128 562 2169 annum
575 2112 770 2188 uaque1577.
784 2128 869 2169 mora
875 2108 1025 2168 Ecclesiae
1038 2105 1208 2166 Gallicanae
1224 2126 1294 2183 epo·

216 2182 291 2248 ciram
313 2191 345 2249 in
364 2190 508 2253 Pamhate
534 2195 734 2255 collocarunt:
771 2213 846 2273 quae
875 2191 1070 2274 computandi
1088 2189 1168 2250 ratio
1192 2190 1293 2267 diplo-

214 2281 282 2332 mate
298 2274 378 2354 ragio
391 2284 466 2336 tuno
482 2280 637 2358 antiquata
653 2288 714 2350 eat,
736 2278 981 2360 commodiorque
1000 2277 1124 2338 inducta
1138 2296 1155 2334 a
1167 2274 1294 2340 Kalend.

215 2351 318 2419 homi.
334 2359 486 2441 principio
500 2361 677 2423 numerandi
692 2366 782 2423 iacto.

291 2462 468 2536 Κανουαιῶς
488 2485 534 2538 τι,
555 2461 607 2526 καί
622 2460 822 2545 ἐξηγητικοῖς]
845 2462 878 2525 td
897 2472 942 2525 eet
961 2459 1176 2539 chronologica
1196 2459 1296 2521 etHi·

215 2540 314 2601 etorica
328 2542 478 2606 methodo.
522 2550 633 2608 iteruin
648 2549 726 2609 enim
742 2558 889 2627 gestorum
909 2549 1071 2630 pleraeque
1083 2548 1222 2620 leguntur
1243 2545 1296 2605 hio

213 2628 403 2689 narrationes:
425 2640 455 2690 et
471 2651 519 2693 ree
539 2634 658 2693 eaodem
679 2654 714 2694 ao
734 2653 895 2713 perronae,
923 2634 961 2695 do
978 2632 1086 2713 quibua
1100 2629 1294 2707 numationea,

214 2707 248 2767 ad
259 2731 309 2770 ana
324 2721 458 2795 tempora
472 2727 695 2798 temporumque
707 2728 807 2797 partae
825 2718 997 2776 amandatae
1011 2736 1046 2775 ao
1060 2714 1295 2793 repoaitaacon·

211 2793 379 2872 apiciuntur.
410 2801 522 2861 Seriem
535 2813 563 2859 et
576 2800 772 2880 diagramma
786 2811 954 2879 temporum
964 2801 1069 2860 Graeci
1081 2792 1226 2863 κανόνων
1239 2820 1294 2858 το·

213 2887 292 2952 tint,
312 2891 341 2939 at
355 2881 492 2961 διατάξαι
505 2886 687 2958 κανονικοῖς,
709 2883 754 2943 od
767 2888 929 2963 proprium
949 2887 1092 2965 temporie
1108 2881 1244 2942 ordinem
1265 2894 1294 2942 et

210 2963 297 3021 eitum
310 2968 455 3029 remittere
473 2969 595 3050 acripait
606 2968 725 3030 Author
740 2968 894 3047 Georgius.

286 3086 371 3174 ‘0th
392 3096 457 3165 ταῖς
472 3093 596 3163 πολλοῖς
610 3093 672 3153 τῶν
688 3089 847 3169 ίσιοραιοῐυ
866 3080 904 3149 σοί
924 3078 1182 3164 συμπεφώνηται]
1205 3082 1293 3151 Vete-

209 3190 252 3232 τοι
264 3172 328 3234 illor
343 3173 483 3237 authorea
499 3173 650 3236 recensuit
665 3171 803 3236 Patavina
817 3171 870 3233 lib·
890 3172 940 3238 12.
955 3169 993 3231 da
1011 3169 1090 3231 doct
1104 3169 1208 3250 Temp.
1225 3190 1291 3251 cop.

209 3260 238 3321 9·
251 3268 281 3319 et
294 3281 372 3341 uqq·

291 3365 335 3447 ip'
347 3356 449 3445 πρώτη
463 3363 521 3423 τοῦ
535 3351 652 3435 Νισὰν,
673 3356 724 3422 κε’.
745 3354 828 3439 πυροὶ
841 3355 994 3439 Ῥωμαίοις
1008 3352 1174 3437 Μαρτίου]
1197 3354 1293 3416 Geor-

209 3441 375 3518 sturione
399 3465 465 3527 pag.
490 3446 562 3512 315.
585 3441 648 3549 priv
672 3438 746 3525 παρ’
772 3442 920 3525 Ἑβραίοις
945 3436 1045 3505 Νισιίυ
1072 3437 1293 3521 πρατόκτιστος,

208 3533 320 3606 πρῶτος
337 3528 419 3614 ἄγων
433 3529 558 3610 ημίρας,
580 3553 647 3609 ητις
661 3525 736 3592 ποιοί
757 3526 812 3610 μίν
823 3527 986 3609 Ῥαμαίους
1006 3529 1046 3611 τῇ
1057 3519 1108 3587 κε’.
1125 3527 1182 3586 τοῦ
1198 3529 1293 3605 Μαρ-

207 3614 271 3675 τίου
291 3617 450 3695 συμπίπτει
463 3607 511 3686 aiei
531 3608 636 3695 μηνός.
678 3617 793 3675 Menate
812 3614 914 3673 Νίιαιι
935 3622 1056 3669 creatur
1073 3612 1210 3668 omnium
1224 3612 1292 3686 pri-

209 3715 284 3775 mur,
292 3699 429 3781 diemque
439 3697 663 3779 ducitprimao,
676 3702 773 3782 quiin
784 3701 895 3757 Martii
905 3699 1016 3755 mencio
1024 3696 1174 3753 Romania
1182 3697 1292 3751 αιίίαιὶ

208 3784 339 3858 quintum
364 3797 393 3844 et
414 3786 590 3846 uicesimum
610 3807 723 3866 aemper
746 3787 887 3843 incurrit.
936 3781 1023 3857 Quod
1046 3780 1088 3839 ita
1108 3778 1291 3859 principium

209 3867 277 3925 anni
296 3872 331 3930 ad
349 3870 452 3929 Martii
476 3872 527 3935 25.
550 3869 652 3949 alligat
673 3870 833 3948 Georgica,
863 3877 893 3927 et
908 3867 944 3926 ab
964 3886 999 3927 eo
1021 3883 1138 3944 eemper
1158 3863 1292 3943 incipere

208 3949 322 4031 definit,
340 3954 523 4035 'imperitiae
551 3964 612 4031 eat,
645 3948 695 4016 ait'
711 3954 849 4015 Patavina
874 3951 926 4012 lib.
956 3955 986 4018 9.
1010 3949 1047 4009 do
1075 3950 1161 4008 licet.
1187 3948 1290 4027 Tamp.

208 4054 269 4114 mq.
283 4042 311 4103 3.
323 4059 420 4117 neque
434 4037 511 4098 enirn
523 4040 612 4099 Niaan
627 4040 675 4101 dia
689 4049 717 4107 1.
733 4037 869 4099 Christua
881 4035 1057 4108 recurrexit,
1079 4032 1129 4092 aad
1145 4033 1226 4092 Luna
1243 4038 1290 4098 17.

208 4119 268 4180 Nec
281 4123 391 4183 {udaiei
404 4124 497 4183 Niaau
512 4134 603 4204 caput
615 4145 678 4186 eoae
697 4126 811 4201 hum,
832 4132 864 4181 et
881 4121 915 4181 in
934 4120 1033 4181 Martii
1047 4119 1098 4186 25.
1114 4136 1230 4198 aemper
1245 4118 1292 4175 iu·

207 4205 303 4268 cidere
315 4228 499 4288 nequaquam
514 4218 622 4289 poteat.

288 4308 414 4394 θανάτῳ
434 4305 573 4374 θάνατον
593 4305 756 4389 πατήσας]
786 4306 901 4368 ΔΙΙυιὶο
923 4306 961 4366 ad
985 4303 1062 4365 iliud
1083 4299 1293 4361 Pentaooetarii

208 4390 386 4456 Graecorum
404 4395 530 4456 micioni
550 4395 700 4456 Paachatia
713 4394 780 4463 dia,
802 4403 832 4454 et
851 4389 1012 4452 Dominicie
1026 4408 1081 4469 par
1094 4385 1224 4447 Orientie
1239 4375 1293 4444 tc.

276 4495 370 4567 cmg.
387 4495 526 4565 speum.
544 4494 577 4546 n.
1044 4478 1087 4540 αι
