2864 5004
440 431 500 499 ET
520 428 867 499 ANNOTATIObTAE.
1120 423 1194 498 439

107 591 191 662 vics,
210 581 300 672 Μ’.
319 586 501 668 reposueris,
526 597 563 646 ut
584 582 720 650 Amosios
739 587 826 650 istius
844 608 931 668 anna,
956 610 1024 651 cum
1044 589 1194 670 sequentis

107 671 275 731 Ciacbronis
295 682 389 733 astato
411 672 483 733 fiant
512 672 684 735 concordes.
734 667 860 734 Consais
883 675 919 733 ds
943 674 1098 735 Cbebrons
1115 674 1195 733 scri·

106 756 215 816 bondo.
257 757 323 816 Non
338 756 598 840 praetermittenda
615 756 666 817 hic
681 757 718 817 ad
737 759 852 820 tabulas
870 758 1098 837 chronologicas
1115 778 1194 816 anam

105 844 202 907 3736.
218 842 350 922 scripta:
370 851 399 902 et
413 841 540 901 maximo
557 862 632 922 quoa
651 842 756 903 scribit
776 843 892 904 Autbor
905 865 971 924 pag.
988 848 1037 910 62·
1056 844 1087 905 0·
1105 843 1194 921 Μογ-

104 944 161 984 sen
177 924 233 984 sub
246 924 337 986 buius
352 926 485 988 Amosios
497 935 614 1008 tompus
628 925 710 989 baud
724 937 843 1008 natam,
864 929 915 989 sed
931 937 1043 988 tantum
1059 926 1194 988 iuvsnsut

105 1008 254 1070 extitisse.

195 1094 400 1177 Hroscnbupic
411 1093 462 1176 ἔτη
476 1088 549 1176 μβ]
571 1093 655 1170 Quoc
667 1096 860 1177 praecedunt,
880 1096 929 1154 voi
943 1104 1123 1173 sequuntur,
1143 1092 1195 1153 in·

104 1187 192 1256 tegra
208 1188 293 1237 sant:
316 1180 352 1239 ds
365 1181 429 1240 soio
447 1200 571 1239 numero
585 1176 630 1251 ις’.
646 1202 662 1239 a
680 1181 812 1241 Librario
832 1180 931 1261 posito
947 1179 1069 1239 dubium
1091 1198 1123 1239 ss
1141 1179 1197 1238 oi-

105 1264 176 1322 scrt.
219 1262 393 1324 Mendosum
408 1265 590 1346 probatorius
604 1265 749 1339 brevitas,
770 1274 807 1324 ut
821 1264 873 1343 qui
887 1264 924 1322 ab
939 1283 1016 1323 anno
1030 1267 1122 1329 3726.
1141 1263 1194 1341 qui

104 1344 341 1427 Penteatbyrcos
354 1369 445 1428 regno
462 1348 545 1408 dedit
559 1348 680 1408 initium
694 1350 731 1408 ad
744 1352 838 1417 3768.
855 1369 912 1427 quo
934 1348 1003 1407 smis
1022 1347 1084 1406 eius
1103 1346 1195 1428 poni·

103 1441 177 1507 sur,
198 1452 261 1595 aas?
276 1434 372 1513 possit
385 1454 449 1495 ssss
463 1432 593 1511 medius,
616 1433 674 1493 nisi
692 1439 745 1502 26.
765 1433 890 1515 recipiat
909 1441 1108 1512 augmentum.
1133 1432 1196 1491 tta-

103 1536 225 1597 ponop
256 1563 265 1579 .

194 1601 265 1675 l'aa.
290 1601 359 1665 tat.
380 1593 536 1664 Βασιλεύει
552 1596 585 1663 tii
596 1596 734 1682 Ἴναχος]
755 1600 835 1660 Haec
849 1599 974 1660 Eusebio
986 1598 1108 1660 advorss
1122 1600 1197 1658 Scs·

101 1682 182 1759 liger
197 1683 309 1740 omittit
329 1702 393 1760 pag.
407 1688 457 1749 23.
472 1686 586 1761 reliqua
608 1687 730 1742 resumit
743 1685 779 1740 ab
794 1682 859 1741 istis
875 1683 981 1741 vorbis.
1005 1682 1066 1746 ὅδὲ
1079 1680 1197 1762 χρόνος.

102 1765 198 1839 Quod
216 1785 305 1843 porro
322 1767 450 1842 Scaliger
466 1766 543 1825 idem
561 1785 658 1845 nuper
674 1767 795 1846 scripsit
807 1764 921 1844 Ἴναχος
940 1765 1129 1846 ἐβασίλευσεν
1145 1766 1196 1846 ἔτη

100 1845 141 1928 η’.
164 1848 310 1907 mendum
333 1858 395 1921 cst,
418 1858 446 1907 ot
464 1844 502 1929 η’.
516 1849 613 1909 similo
627 1846 661 1916 ν’.
677 1851 822 1930 scriptum
835 1850 963 1930 putarit.
1011 1850 1054 1909 lta
1076 1851 1196 1930 scripsit

101 1932 253 1994 Eusebius
269 1952 361 1990 annos
377 1933 426 1999 60.
445 1932 549 1994 Inachi
563 1954 653 2011 regno
668 1934 827 2014 imputans.
872 1934 1018 2011 Georgius
1041 1944 1140 1993 aostsr
1159 1934 1197 1995 ao

102 2020 158 2085 66.
181 2017 338 2097 protendit
354 2016 456 2075 inachi
478 2018 636 2100 imperium
655 2019 744 2100 paulo
769 2018 910 2079 inferius:
933 2019 1014 2099 quod
1029 2018 1196 2097 marginalis

102 2101 326 2162 emendationis
342 2121 429 2160 causa
440 2101 510 2167 ¹suit.

187 2183 263 2266 Ἐτη
279 2178 364 2264 υος’.]
386 2185 537 2245 Librarius
549 2185 624 2244 salso
645 2193 675 2242 ct
690 2183 830 2243 mantissa
843 2178 916 2265 vvy'.
945 2185 1020 2243 Cum
1040 2185 1118 2245 onim
1134 2184 1197 2244 ns-

103 2270 260 2351 syriorum
275 2271 355 2345 regni
372 2267 728 2327 fundamenta-communi
741 2268 846 2327 mundi
859 2288 938 2326 anno
953 2269 1046 2333 3216.
1063 2266 1102 2328 c'x
1117 2269 1196 2327 scri·

101 2356 168 2436 ptis
184 2372 252 2433 pag.
267 2356 318 2417 92.
332 2361 362 2409 et
375 2356 425 2418 96.
440 2352 474 2411 D.
491 2351 552 2412 sint
570 2351 687 2431 posita,
709 2361 739 2411 ct
754 2352 933 2430 Argiuorum
950 2370 1072 2430 regnum
1091 2352 1196 2412 mundi

102 2443 203 2507 3692.
222 2436 383 2515 sumpserit
398 2436 533 2503 initiums
554 2435 658 2517 utiquc
677 2445 747 2517 post
757 2430 832 2512 vog'.
846 2438 918 2505 476.
939 2434 1032 2499 asano's
1050 2437 1087 2497 ab
1101 2437 1198 2519 Assy-

101 2524 224 2584 riorum
240 2520 373 2581 exordio.

194 2602 283 2667 linari
295 2595 532 2683 rationaiioaip]
553 2603 600 2662 Ex
616 2603 742 2663 aliorum
763 2611 842 2663 corta
859 2610 967 2667 monta.
995 2602 1136 2664 Diversus
1151 2614 1198 2666 cst

102 2692 188 2752 enim
198 2688 343 2749 Autlroris
356 2698 514 2768 computus
526 2705 592 2767 pag.
603 2688 672 2755 156.
686 2686 773 2749 blais
787 2687 894 2747 sorbis.
906 2687 961 2762 ἕως
974 2682 1082 2751 τούτου
1096 2685 1195 2774 ,δσμγῖ

101 2765 1197 2941 rntnmumninitimumutrm

102 2944 289 3023 Argivorum
307 2961 409 3018 rogum
422 2941 575 3003 latercula.

195 3019 293 3100 Οὗτος
307 3020 476 3105 Ὀλυμπίων
486 3022 641 3105 προέστη]
663 3024 761 3085 [rusios
777 3024 951 3105 Olympicos
968 3023 1005 3082 ab
1017 3023 1103 3084 isiaca
1117 3023 1197 3084 licr-

103 3113 177 3174 culc
196 3120 351 3190 repertos,
371 3131 388 3167 a
404 3110 556 3190 Pelopeia
575 3108 653 3169 iouis
669 3111 846 3169 instauratos
863 3108 1006 3167 bonorem
1016 3149 1025 3178 ,
1045 3117 1075 3168 ct
1093 3108 1130 3168 ab
1148 3110 1196 3167 al-

101 3209 174 3258 tero
190 3194 320 3255 niominis
339 3194 470 3253 ciusdem
484 3193 613 3254 Heronio
627 3212 744 3252 rursum
760 3194 939 3268 observatos,
962 3191 1130 3252 sodomum
1144 3212 1195 3253 rc·

101 3289 238 3342 sacratos
251 3279 287 3338 ab
302 3277 418 3360 iphito,
440 3279 598 3357 Pausanias
614 3276 721 3337 author
736 3285 780 3336 cst
795 3278 828 3336 in
849 3277 968 3337 Etiacis.
1018 3277 1058 3334 iis
1076 3275 1195 3335 instau-

101 3366 184 3429 ratis
199 3364 366 3446 Olympicis
381 3362 518 3425 Potarius
531 3363 639 3422 diserto
659 3361 710 3426 lib.
726 3366 757 3433 9.
778 3360 816 3424 da
837 3362 922 3423 Doct.
942 3361 1042 3441 Temp.
1058 3379 1125 3442 cap.
1142 3362 1194 3428 38.

102 3460 138 3513 ct
155 3471 223 3511 sc.

191 3470 351 3597 bosnam
372 3528 405 3596 bi
425 3530 475 3612 ἔτη
491 3524 557 3612 ars-2]
579 3528 787 3590 Emendandas
799 3528 948 3590 Librarius
962 3548 1064 3590 orrans
1077 3547 1116 3588 cx
1130 3525 1195 3588 Aa·

101 3618 198 3679 thora
214 3620 321 3679 iustam
335 3615 435 3676 inachi
450 3625 573 3674 aetatem
588 3615 678 3695 paulo
696 3614 820 3675 inferius
832 3616 996 3691 referente,
1018 3623 1048 3672 ot
1067 3612 1193 3673 Eusebio

101 3702 213 3762 lnacbi
235 3723 328 3761 annos
341 3704 392 3768 60.
406 3701 560 3762 scribsntc.
587 3700 718 3779 Scaliger
731 3697 780 3759 bic
792 3701 843 3766 53.
864 3718 965 3759 errans
982 3697 1095 3778 paritor
1110 3695 1195 3755 iudi·

102 3787 237 3847 andus.
282 3788 366 3861 Quas
385 3806 475 3867 porro
496 3782 548 3844 bic
563 3792 663 3844 textus
681 3783 844 3843 obscuritas
860 3782 1007 3860 occurrit,
1028 3801 1067 3841 cx
1081 3781 1195 3840 Pausa·

101 3869 211 3942 sarria,
232 3870 358 3930 Eusebio
377 3870 415 3930 ad
434 3888 543 3929 annum
564 3867 698 3929 Abrahae
710 3872 782 3935 700.
801 3877 832 3927 st
847 3865 1060 3945 Chrooologias
1074 3874 1194 3925 sanctas

103 3952 237 4015 autborc
250 3954 358 4015 Iacobo
374 3955 520 4014 Auzolaso
534 3954 631 4012 lucem
644 3951 762 4032 accipit.
804 3951 1027 4031 Peloponnesus·
1036 3950 1119 4032 prius
1134 3950 1194 4008 Ac·

103 4038 198 4120 giaiis
213 4039 305 4096 variis
321 4040 438 4100 subdita
459 4036 568 4119 regulis
583 4037 669 4115 Argis
684 4036 801 4116 quidem
813 4035 919 4110 habuit
930 4034 1090 4108 Acrisium,
1104 4051 1194 4113 qucnt

104 4121 225 4188 inscius
249 4122 370 4184 Perseus
393 4146 485 4205 nepos
507 4122 677 4198 interiecit,
702 4122 808 4182 Petaso
840 4130 928 4181 natus
957 4130 1004 4180 cst
1026 4117 1193 4192 Sthenelus,

105 4207 252 4272 Stbsnslo
274 4206 472 4286 Eurystheus,
494 4208 546 4288 qai
567 4225 691 4286 regnum
715 4204 855 4286 Myconos
874 4206 911 4264 ab
933 4224 988 4265 avo
1016 4203 1193 4264 translatum

105 4293 217 4357 stabile
229 4291 310 4353 tecit.
352 4291 446 4352 Pisarn
461 4295 568 4374 Psiops
581 4289 720 4364 obtinuit,
738 4299 768 4350 st
780 4291 938 4349 Obnomao
949 4306 1050 4348 soccro
1064 4286 1193 4363 sublato,

106 4398 235 4462 regnum
247 4384 278 4439 ct
290 4374 460 4458 Olympiam
473 4378 579 4440 urbem
593 4376 673 4439 ludis
687 4374 853 4458 olympicis
868 4371 1075 4435 celebrioribus
1088 4370 1192 4433 rsddi-
