2946 4996
259 370 312 446 72
741 375 880 447 Gustu

258 543 343 599 nent.
376 534 412 601 D.
431 530 595 596 cardinalis
613 532 791 596 Barbetium
801 580 810 610 ,
832 544 918 595 etex
935 532 1140 595 voluminibm
1159 531 1280 593 Graecia
1297 551 1343 592 ea·

258 624 338 683 lamo
356 621 483 680 exaratis
504 619 587 680 illius
609 617 771 681 bsuelieam
793 619 917 700 largitus
938 629 983 679 est
997 628 1192 700 potestatem,
1215 617 1270 696 qui
1287 617 1342 677 us.

258 705 396 769 Vaticani
414 723 530 767 numer.
552 703 622 772 164.
640 724 707 785 pag.
729 710 781 771 77.
805 704 953 784 exquisita
975 705 1054 764 soret
1073 701 1239 785 expressio:
1262 701 1342 760 iure·

257 799 331 852 aunt
346 789 512 851 cosnmuuis
529 789 718 850 emolumenti
734 798 888 850 curatores
904 788 1065 849 Clarissimi
1089 786 1210 849 Puteani
1233 787 1342 858 iratres,

258 876 286 937 ei
298 874 461 936 liberaliter
473 875 583 935 donato
595 874 710 951 codice,
732 873 785 955 qui
801 876 872 934 olim
886 872 1084 934 Bibliothecae
1098 873 1132 934 Ι).
1150 873 1240 932 Perea
1253 871 1344 929 luerat
1451 938 1452 965 1

256 960 422 1041 suppellex,
428 960 502 1020 alios
513 959 687 1020 consulendi
701 957 880 1020 desiderium
895 979 1040 1019 amovere.
1066 956 1135 1018 Fert
1148 956 1227 1017 onim
1237 955 1344 1035 epigra-

256 1043 318 1127 phe
328 1065 366 1104 ex
382 1044 591 1105 studiosissimi
605 1045 639 1106 D.
653 1046 742 1105 Perea
754 1064 889 1125 persons
921 1045 1085 1125 Georgium
1094 1041 1265 1120 drucellum
1273 1059 1346 1097 eom
1451 1066 1452 1069 ¹

251 1133 370 1211 parari
383 1127 428 1189 ud
436 1124 572 1192 codicem
584 1120 777 1204 Palatinum,
786 1132 842 1210 qui
854 1125 942 1188 lrods'e
952 1132 984 1187 a'a
992 1128 1183 1187 Bibliotheca
1195 1126 1231 1186 V
1224 1128 1345 1183 ats'cmro
1451 1136 1452 1163 l

258 1223 456 1289 asservatur,
473 1214 530 1273 sul
545 1214 847 1281 num.246·1lomne
865 1235 946 1273 orsus
964 1218 1056 1280 1637.
1099 1213 1145 1272 Eu
1161 1211 1219 1270 lroc
1243 1211 1345 1270 lacum
1451 1260 1452 1297 ,

257 1299 399 1360 foliorum
413 1299 506 1361 trium
520 1298 604 1359 hians
619 1299 735 1381 spatio,
757 1319 775 1358 a
789 1299 939 1376 scaligero
956 1319 1019 1357 nou
1038 1297 1102 1357 siue
1116 1295 1249 1376 querulis
1262 1292 1348 1353 voci·

259 1381 317 1443 bus
338 1384 417 1457 risa,
440 1385 561 1443 omniuo
583 1394 737 1465 reparata,
758 1393 788 1443 et
805 1383 888 1461 liegii
909 1383 1015 1442 mutila
1032 1404 1101 1462 pars
1119 1403 1172 1458 por
1188 1400 1255 1437 eum
1270 1381 1347 1437 inte-

258 1466 360 1545 gritati
381 1485 451 1526 suae
468 1468 613 1527 restituta.
654 1467 772 1526 Fratres
792 1465 875 1541 illos,
901 1467 1055 1525 Musarum
1075 1464 1212 1537 delicias,
1234 1462 1348 1520 caelum

260 1550 389 1613 feliciter
403 1560 616 1632 prosequatur:
639 1561 668 1612 et
682 1571 771 1631 quem
792 1551 910 1631 rapuit,
929 1549 1010 1609 intcr
1026 1548 1126 1607 beatos
1141 1556 1242 1608 teneat
1259 1568 1348 1624 pane·

261 1628 420 1721 potiemur,
446 1655 506 1716 quo
526 1634 670 1711 fruimur,
693 1636 872 1695 interrivos
893 1643 992 1694 servet
1018 1627 1192 1713 μακρόβιον.
1236 1631 1347 1704 Quarta

258 1729 290 1781 et
307 1728 457 1802 postremo
477 1718 635 1780 collatione
650 1718 831 1799 Syncelliaui
848 1716 940 1778 totius
958 1717 1056 1799 operis
1074 1716 1163 1776 fidem
1181 1714 1347 1795 expendere

257 1812 289 1866 et
302 1804 478 1866 conlmnare
493 1806 588 1864 suerut
602 1803 633 1863 in
653 1806 741 1877 votis,
757 1802 809 1862 scd
822 1804 872 1882 qui
890 1802 1147 1882 exsequendorum
1161 1820 1243 1880 apem
1256 1799 1348 1858 noua
1451 1844 1452 1863 ,

257 1898 323 1964 rat,
353 1889 480 1969 eripuit,
508 1899 538 1949 et
566 1888 648 1966 quod
659 1887 836 1968 promittere
852 1887 934 1947 risus
954 1886 1050 1946 suerat
1073 1885 1201 1959 bouum,
1229 1884 1347 1943 invidit.

258 1972 434 2035 versionem
458 1972 590 2053 syncelli
614 1971 740 2052 aggressi
760 1973 842 2033 suere
860 1969 996 2052 plerique
1018 1970 1113 2041 Galli,
1143 1967 1210 2029 llali
1239 1978 1286 2041 et,
1313 1977 1348 2027 ut
1451 1964 1452 2037 Ῐ

192 2058 194 2065 ’
257 2057 366 2135 audio,
390 2057 544 2118 Germani:
573 2056 652 2117 hanc
672 2078 711 2118 ex
731 2077 835 2119 eorum
855 2056 956 2133 iussu,
979 2054 1088 2134 quibus
1110 2072 1279 2134 repugnare
1294 2073 1348 2113 nc·
1451 2052 1452 2061 ’

257 2144 321 2223 tm,
341 2153 528 2225 susceptam,
550 2163 611 2202 non
625 2142 703 2220 olio,
725 2161 813 2221 quum
826 2139 1003 2205 sinceritatis
1017 2151 1048 2200 et
1062 2157 1193 2199 summae
1212 2158 1282 2198 cum
1296 2159 1347 2197 ou·

257 2237 342 2289 etore
359 2229 473 2288 Graeco
488 2228 665 2287 concordiae
679 2227 798 2286 nomine
812 2225 1046 2285 commendatum
1060 2224 1161 2284 velim.
1205 2222 1347 2283 Emenda-
1451 2220 1452 2307 J

258 2311 356 2373 tiorsea
387 2322 487 2373 tomen
514 2311 553 2371 ad
572 2312 732 2390 suarginem
759 2312 889 2371 adiectas
909 2321 1053 2390 sequuta,
1075 2317 1229 2368 auctorem
1248 2309 1348 2387 ipsum
1451 2372 1452 2387 ,

256 2405 288 2457 et
313 2396 376 2456 eius
399 2404 527 2456 mentem
546 2397 647 2478 potius
675 2395 805 2475 assequi,
826 2414 914 2473 quum
938 2393 1124 2455 amanuensis
1142 2393 1245 2474 lapsus
1272 2391 1349 2450 iuri-
1451 2400 1452 2411 ¹

255 2481 313 2543 turi
336 2480 525 2542 iudicabitur.
567 2483 752 2561 Scriptorum
774 2502 791 2539 a
813 2479 952 2561 Synccllo
974 2488 1205 2540 memoratorum
1226 2476 1294 2536 loca
1310 2475 1348 2535 ad
1451 2474 1452 2519 l

255 2565 418 2645 marginem
441 2575 579 2642 aranotst,
607 2585 683 2645 quoa
706 2574 824 2645 praeter
844 2565 975 2625 auctoris
1002 2563 1092 2624 verba
1118 2561 1270 2642 adiungit,
1293 2579 1348 2620 ceu

257 2650 375 2727 aliena,
421 2649 545 2711 diversis
579 2649 798 2711 characteribus
831 2649 990 2731 appingit:
1036 2668 1111 2729 quas
1143 2647 1254 2726 iisdem,
1279 2665 1348 2705 cum

255 2734 321 2816 ipso
341 2743 429 2797 textu
449 2755 600 2815 expressa,
621 2734 737 2795 librarii
758 2733 809 2795 rel
827 2734 938 2796 eruditi
953 2732 1135 2816 cuiuspiam,
1155 2733 1205 2791 ccl
1218 2731 1349 2805 denique

256 2820 387 2880 auctoris
410 2820 650 2880 obseruationum
671 2820 934 2899 interpretamenta
954 2827 1034 2880 suut.
1083 2815 1219 2877 Alricsni
1245 2812 1348 2885 verbs,

255 2902 309 2962 ubi
328 2920 492 2983 apparuero
515 2904 669 2961 manifesta
690 2903 802 2963 Italicis
824 2904 949 2977 litteris,
971 2900 1091 2962 Eusebii
1107 2897 1233 2976 virgulis
1250 2917 1348 2977 appo·

254 2987 323 3046 aitis
343 2988 423 3048 iuter
440 2994 539 3067 textus
558 2985 664 3045 seriem
686 2986 811 3046 reddita.
852 2986 1025 3046 Vorsionem
1049 2991 1213 3063 sequentur
1230 2980 1349 3043 tabulae

257 3070 491 3149 Chronotogicaa
506 3067 545 3131 ad
560 3069 692 3151 syncelli
709 3079 838 3130 mentem
854 3079 884 3131 et
898 3077 1073 3148 computum
1089 3068 1225 3146 digestae.
1266 3066 1347 3141 lllss,

256 3155 338 3237 quod
352 3156 487 3237 prolixae
500 3165 531 3217 et
544 3154 675 3236 porreeti
687 3164 802 3215 tractus
815 3155 943 3215 taedium
955 3153 1088 3214 fortassis
1103 3154 1136 3212 in
1152 3152 1272 3214 lectoris
1283 3151 1350 3211 ani-

256 3259 341 3299 anum
356 3242 418 3301 sint
430 3241 583 3317 illaturus,
604 3249 635 3302 et
652 3240 849 3321 amplitudine
865 3260 917 3300 sua
938 3249 1054 3321 praeter
1070 3238 1192 3299 modum
1206 3239 1349 3299 volumen

256 3323 415 3402 auxerint,
446 3323 518 3382 licet
539 3344 730 3404 praenoscam
755 3324 1028 3407 reprehendendas:
1058 3332 1158 3383 tamen
1180 3323 1250 3403 quia
1272 3316 1349 3384 sassi

254 3404 367 3483 πλάτος
390 3407 567 3489 expandunt
595 3407 633 3468 ad
653 3410 781 3469 auctoris
809 3410 1018 3490 propositum,
1047 3427 1122 3486 quae
1150 3418 1256 3468 auctor
1280 3405 1349 3484 ipse

253 3487 326 3558 καθ’
337 3490 453 3574 incidor
468 3502 587 3554 tautum
599 3491 658 3553 sibi
670 3494 827 3573 proposuit
842 3492 1086 3574 expendendum
1107 3501 1137 3553 et
1157 3513 1234 3571 qum
1249 3487 1348 3547 adusi·

253 3577 295 3639 sit
309 3577 466 3655 librarius,
486 3576 551 3656 vel,
572 3595 663 3659 opere
683 3577 826 3652 stondurnl
837 3579 953 3653 reviso,
978 3576 1120 3657 Georgius
1139 3597 1204 3637 non
1219 3572 1349 3634 aduertit

254 3680 449 3724 numerorum
469 3682 600 3740 errores,
628 3661 711 3743 ipsae
730 3661 848 3741 longius
871 3660 1013 3722 deductae
1029 3662 1237 3737 manifestant,
1257 3666 1283 3718 et
1308 3656 1348 3717 ad

254 3748 336 3808 latua
350 3744 553 3807 emendatione
566 3749 703 3829 apposito
711 3791 720 3823 ,
742 3747 825 3828 quod
839 3746 1042 3808 criminationi
1057 3743 1223 3807 obnoxium
1238 3762 1348 3824 oppos·

255 3840 330 3892 tune
344 3838 494 3912 reparant,
514 3831 700 3893 sustinemini
713 3831 767 3912 qui
781 3832 1051 3912 Georgiinumcros
1065 3836 1205 3910 acceptos
1218 3829 1296 3890 solet
1310 3848 1348 3887 ac

254 3915 398 3997 probatos
414 3914 539 3996 gratiam
559 3917 708 3992 facturus,
729 3915 915 3993 huiusmodi,
936 3919 1075 3995 inquam,
1095 3914 1302 3975 accommodas
1316 3921 1348 3971 et

254 4002 420 4082 expetitas,
451 3999 505 4059 alii
526 3997 598 4060 licet
616 3999 855 4082 intempestivas,
882 4001 957 4062 milri
978 3998 1147 4059 trullatonus
1167 3997 1349 4060 omittendas

256 4084 341 4145 duri.
382 4083 524 4146 ddieetae
544 4083 661 4144 demum
684 4086 721 4145 ad
742 4086 841 4168 operis
855 4086 949 4147 totim
965 4083 1097 4160 calcent,
1117 4103 1192 4163 quaa
1211 4103 1272 4147 non
1286 4078 1348 4139 ad·

254 4169 391 4231 mittebat
406 4179 508 4231 textm
528 4187 630 4247 aranga
653 4171 837 4232 contractior
857 4168 1092 4247 emendationes,
1115 4179 1145 4230 ct
1164 4170 1198 4229 in
1228 4173 1347 4229 textum

254 4253 351 4332 ipsum
371 4253 578 4316 annotationes
592 4252 786 4333 quilsuaelaru,
809 4255 920 4331 fateor,
943 4254 1125 4335 superfluam
1150 4252 1232 4326 aliia,
1253 4258 1285 4311 ut
1298 4270 1348 4310 ar·

253 4337 366 4414 bitror,
395 4361 457 4401 non
487 4338 609 4400 inutiles
633 4338 764 4401 lutmee:
794 4339 923 4423 pretium
953 4358 1062 4421 aequus
1092 4340 1189 4400 lector
1216 4333 1347 4398 definiet.
