2864 5004
265 399 340 474 490
630 406 973 478 emendationes

264 586 281 624 a
294 562 567 625 Nabuchodonosor
584 584 663 625 anno
678 563 794 644 primo,
814 561 1016 626 adhaerebunt
1034 565 1164 627 invicem
1178 566 1210 626 in
1223 574 1327 647 septos·

263 650 382 730 penaria
402 669 515 709 summa
534 650 634 710 cuncti
658 651 827 729 principum
846 650 939 709 ennii
966 651 1239 712 Nabuchodonosor
1254 670 1327 728 regns

263 733 335 793 anni
349 735 399 799 48.
414 734 616 815 imputantur,
636 735 741 795 Evilsd
755 733 914 794 lderodacb
930 738 1069 815 quinque,
1092 736 1257 817 Niriglasari
1272 746 1327 807 tres,
1410 790 1411 803 ,

263 819 398 897 Astyagis
418 820 642 899 septemdecim,
664 820 733 898 Cyri
755 839 850 878 unus:
881 821 1014 880 omnium
1034 840 1148 880 susanna
1166 826 1218 888 69.
1238 818 1329 880 consti

264 904 331 962 tuit.
359 904 441 976 Quae
459 903 638 963 diversitatis
651 905 732 981 origo
741 904 756 960 ‘l
778 901 910 976 Quodis
925 903 1125 965 Hebraeorum
1138 923 1242 983 regum
1255 907 1328 963 later-

264 988 332 1046 culo
352 996 410 1046 tres
428 988 557 1049 inachim
578 1007 690 1046 menses
707 987 778 1045 anni
800 989 921 1046 nornine
944 989 1143 1049 numerandos
1161 990 1233 1048 velit
1251 991 1330 1046 Geor·

262 1073 341 1149 gius:
363 1091 423 1151 qno
447 1074 497 1147 m,
520 1082 551 1131 ut
570 1092 624 1151 per
637 1071 786 1131 Hebraeos
801 1072 953 1152 principos
975 1072 1075 1132 habita
1094 1073 1266 1134 numerandi
1281 1072 1329 1145 vis,

262 1176 322 1215 uno
345 1158 439 1216 maior
462 1165 585 1236 exurgat
611 1156 762 1231 calculus,
790 1176 825 1214 ac
844 1156 915 1215 dum
930 1158 1206 1218 Nabuchodonosor
1218 1157 1271 1216 soli
1284 1174 1331 1213 no-

259 1240 439 1314 vemdecim,
455 1241 666 1311 ‚Hebraeorum
688 1241 797 1319 viginti
820 1253 1033 1321 computantur
1057 1243 1144 1303 soni:
1173 1255 1261 1320 atque
1278 1241 1331 1298 ides

260 1323 534 1385 Nabuchodonosor
545 1324 725 1405 principium
739 1325 770 1384 in
784 1326 888 1385 mnndi
902 1329 994 1393 4884.
1008 1327 1221 1387 submoveatur
1235 1341 1332 1384 necess

259 1418 324 1486 cst,
352 1408 411 1468 uisi
430 1410 512 1487 regati
531 1411 582 1475 44.
607 1430 718 1485 assatos,
744 1410 826 1487 quod
849 1410 1026 1486 absordum,
1053 1411 1173 1469 Author
1196 1408 1331 1485 concedat.

258 1493 320 1554 Hie
342 1502 387 1552 est
404 1493 496 1569 igitur
517 1495 592 1551 alter
611 1493 674 1551 cius
696 1491 930 1571 paralogismus,
952 1494 1001 1552 cui
1022 1494 1188 1571 reparando
1203 1489 1331 1551 aliendi

258 1594 322 1637 non
343 1576 475 1655 suppetit
492 1577 584 1650 ratio,
611 1597 699 1654 qnam
736 1595 773 1634 uo
792 1575 852 1634 cius
870 1577 964 1636 menti
981 1577 1126 1653 vicinior,
1148 1587 1255 1656 quarto
1276 1575 1333 1654 qui·

258 1661 325 1720 dcm
339 1659 447 1719 loaciin
462 1680 541 1721 anno
558 1660 695 1724 inundil
759 1704 767 1719 .
788 1659 924 1720 iudaicae
940 1661 1121 1741 captivitatis
1141 1672 1234 1740 ponat
1255 1679 1333 1720 eaor·

260 1744 328 1817 dia,
348 1752 380 1803 at
397 1765 456 1823 quo
471 1745 604 1805 standum
619 1763 756 1825 suprema
769 1744 845 1821 regis
858 1756 1004 1823 potestate
1022 1747 1213 1806 sublimatum
1237 1750 1333 1804 asserat

260 1827 549 1907 Nabuchodonosor,
569 1830 621 1888 sod
636 1838 720 1909 patre
738 1827 835 1887 adhuc
848 1829 927 1890 inter
944 1831 1028 1889 vivos
1044 1832 1201 1910 superstite
1216 1831 1270 1889 aab
1282 1830 1334 1889 cios

261 1915 402 1974 militasse
423 1915 513 1993 signis
538 1915 681 1989 affirmet,
710 1928 803 1992 coque
826 1924 894 1991 post
919 1936 1028 1975 annum
1056 1916 1107 1994 qui
1132 1915 1238 1973 rnundi
1256 1914 1334 1985 4888

261 1999 404 2057 defuncto
424 2020 595 2081 supremum
614 1999 661 2058 ius
686 1996 719 2056 in
741 1996 903 2056 Chaldaeos
918 2010 945 2058 et
963 1999 1119 2079 imperium
1142 2001 1334 2057 luisseconse·

261 2093 374 2142 cotum.
415 2083 474 2144 Hic
489 2084 630 2144 dutboris
641 2082 854 2163 paralogismus
868 2091 901 2141 ut
912 2104 1020 2164 anceps
1042 2105 1080 2143 ac
1097 2085 1227 2144 incertus
1242 2083 1270 2141 in
1285 2102 1335 2141 no·

260 2179 309 2226 tae
322 2169 485 2246 superioris
497 2170 599 2228 limine
614 2169 650 2226 dc
663 2152 936 2228 Nabuchodonosor
944 2168 1047 2249 primis
1055 2168 1198 2247 regnandi
1210 2166 1333 2247 auspiciis

261 2250 418 2311 scribercrn
433 2253 563 2333 impulit.
598 2253 664 2326 Qua
678 2252 795 2311 tandem
811 2260 873 2310 arte
887 2273 983 2313 annus
996 2253 1027 2312 in
1045 2252 1256 2312 Chaldaeorum
1267 2261 1334 2309 tesn-

259 2334 381 2416 poribus
401 2338 598 2417 supplendus,
626 2336 718 2395 affixo
735 2336 773 2393 ad
789 2335 899 2395 loscim
919 2347 1058 2417 quartum
1073 2339 1173 2418 prinso
1192 2332 1333 2395 Nabucho-

259 2420 391 2478 donosos·
409 2442 502 2500 auno,
532 2423 736 2481 demonstrant
759 2422 974 2484 emendatiores
998 2421 1036 2482 ad
1059 2419 1204 2482 botharis
1225 2428 1333 2498 captu·

260 2504 387 2564 tabulae.

341 2587 374 2651 '0
393 2588 596 2671 Μεγασθένης
615 2590 649 2653 dv
669 2595 709 2678 τῇ
728 2583 764 2654 d'.
782 2590 865 2674 erin]
895 2592 1007 2651 Locum
1020 2584 1216 2666 Megasthenis
1229 2582 1332 2664 profert

257 2672 402 2734 Eusebius
425 2676 462 2734 de
488 2677 656 2755 Praeparat.
678 2678 787 2756 Evang.
808 2676 859 2741 lib.
881 2682 910 2743 9.
932 2695 998 2754 cap.
1019 2674 1070 2739 41·
1090 2672 1184 2732 refert
1207 2668 1331 2747 sestige,

258 2766 289 2817 et
299 2776 367 2837 pag.
381 2766 480 2819 textus
494 2763 545 2825 41.
558 2780 593 2819 eo
607 2762 734 2822 refercit.

341 2842 409 2920 Pflg·
423 2848 495 2908 222.
516 2838 677 2923 materni]
692 2844 794 2903 Scribe
807 2842 1003 2918 tasnatum}
1010 2859 1020 2895 .·
1040 2838 1081 2899 its
1093 2836 1236 2899 exhibent
1247 2844 1332 2897 textas

258 2922 423 3001 Hebraeus,
445 2935 475 2985 et
488 2926 637 2986 versiones
652 2927 798 3003 singulae:
820 2935 890 3005 post
903 2925 997 2984 lineas
1010 2944 1080 2983 vero
1094 2932 1155 2984 tres
1166 2925 1270 2999 παῖδας
1287 2917 1332 2985 se'·

257 3011 316 3073 rosi
327 3020 543 3071 memorantur:
565 3012 591 3071 ai
605 3011 681 3071 lilios
695 3030 799 3088 neges,
822 3030 924 3069 servos
940 3009 1144 3088 interpretare.

250 3181 252 3185 ἲ
336 3086 396 3239 Ὦιῖ
411 3093 444 3158 δὲ
465 3093 488 3177 ἦ
509 3089 585 3177 cippi
606 3089 774 3178 διάφορος]
795 3095 952 3170 Quadrant
967 3094 1000 3153 iu
1016 3093 1098 3154 bunc
1113 3094 1216 3153 locum
1236 3091 1331 3171 script

258 3177 372 3238 untias
432 3199 476 3257 ag.
494 3186 567 3247 217.

165 3268 197 3326 V.
209 3269 245 3328 66
341 3201 502 3341 Peg-pm
527 3268 588 3328 Τοῦ
604 3256 702 3328 'lodda
718 3259 754 3329 κ’.
772 3261 982 3345 ἐβασίλευσα]
1010 3262 1177 3322 Obstrictos
1195 3279 1262 3338 erga
1280 3257 1332 3318 NS.

259 3346 411 3421 religionis
429 3357 458 3407 et
472 3348 539 3409 {idei
554 3368 622 3409 rcus
642 3349 754 3428 scripta
774 3350 860 3432 prius
872 3350 903 3407 in
916 3346 1067 3428 prooemio
1084 3354 1204 3424 repeto,
1224 3354 1254 3402 ct
1271 3360 1332 3401 rur·

259 3448 326 3489 suns
341 3430 488 3490 scribendi
503 3452 614 3511 poenas
628 3435 761 3496 cxsolvo.
797 3434 973 3493 Eorusrsdenr
985 3430 1143 3489 verborum
1157 3427 1273 3486 itcratio
1285 3442 1331 3482 er·

258 3514 402 3593 scriptum
424 3515 523 3592 potius
543 3537 560 3574 a
577 3517 729 3593 Librario‚
752 3537 841 3597 qoam
854 3517 965 3575 odituna
984 3513 1020 3572 sb
1038 3511 1171 3572 Autltore
1189 3531 1263 3590 orsus
1280 3527 1331 3566 sas·

257 3597 386 3659 nilestat.
414 3596 468 3657 vet
483 3598 599 3659 duthor
614 3599 763 3680 seipsum,
785 3602 832 3659 vol
845 3600 925 3661 idem
938 3599 1043 3657 iterato
1058 3594 1212 3654 librarius
1228 3591 1330 3677 exscri-

258 3680 320 3744 bitt
340 3681 421 3762 quod
435 3681 574 3742 nimirum
586 3693 668 3741 extat
682 3703 747 3763 pag.
761 3689 833 3749 219.

340 3768 410 3848 Peg.
432 3767 502 3836 225.
521 3759 595 3829 '‘tno'
609 3771 667 3829 rosi
689 3760 738 3830 ια’.
758 3766 843 3841 drove
862 3765 1019 3839 Σεδεκίαν,
1041 3755 1156 3842 κόσμου
1180 3759 1216 3826 dl
1235 3754 1331 3847 Μ]

257 3853 374 3914 Annon
382 3852 518 3912 Sedeciae
531 3851 659 3930 primnm
671 3850 703 3909 in
711 3849 813 3909 mundi
826 3853 918 3916 4896.
931 3848 1057 3908 coniecit
1069 3846 1186 3908 dutbor
1197 3848 1331 3928 mm,

257 3938 375 4016 utquid
389 3937 576 3998 undecimum
590 3934 736 3996 inmundi
750 3939 843 4002 4906.
856 3954 918 3993 non
933 3933 1092 3992 amandati
1117 3953 1173 4013 pro
1188 3933 1274 3995 variis
1284 3950 1331 3989 oo·

257 4020 374 4084 dicibsu
397 4024 496 4084 varios
514 4020 647 4100 sequitur
672 4038 828 4090 numeros,
849 4028 879 4078 et
901 4016 982 4098 quod
1005 4017 1084 4076 notis
1099 4018 1139 4077 ad
1160 4019 1330 4099 superiores

257 4124 324 4184 pag.
345 4111 417 4174 217.
437 4107 624 4168 observaturo
638 4102 820 4164 emendatior
833 4103 901 4162 alibi
918 4103 1059 4183 loquutus
1079 4122 1191 4163 annum
1206 4100 1329 4162 Sedecim

258 4190 448 4251 undecimum
471 4192 649 4272 completum
667 4189 699 4249 in
717 4188 822 4248 rnmsdi
840 4189 933 4256 4908.
955 4188 1107 4247 ineuntem
1126 4197 1261 4261 revocat,
1277 4180 1327 4242 hot

257 4285 355 4354 pacto.
401 4276 510 4336 loocirn
534 4295 654 4354 regnunt
674 4272 847 4356 suspicatur
858 4293 937 4333 anno
950 4275 1045 4339 4884.
1062 4282 1092 4332 st
1109 4273 1197 4332 annis
1217 4277 1262 4338 11.
1279 4282 1327 4326 ss·

260 4371 351 4435 gnate
371 4379 525 4423 successor
540 4359 710 4431 lcchonias,
731 4359 796 4421 sive
811 4358 941 4420 loacbirn
958 4358 1022 4419 sdit
1034 4376 1114 4416 arrno
1128 4359 1220 4424 4892.
1237 4349 1282 4412 ved
1299 4350 1326 4404 d
