2946 4996
576 414 828 487 PRAEFATIO.
1172 407 1223 481 55

213 570 386 635 Gbronioon
396 570 626 635 Alexandrinum
639 570 722 634 head
734 574 844 635 lectura
858 571 986 652 Georgia
998 574 1147 653 syncello,
1164 594 1219 635 nac

131 654 236 718 Plano
256 667 467 733 memoratum,
488 659 591 719 aetatis
616 678 707 739 penes
720 678 768 718 me
791 678 852 718 non
873 667 917 719 est
940 658 1087 719 indubiae.
1129 660 1218 732 Quod

130 741 210 801 enim
233 741 273 802 sd
295 740 426 803 Heraclii
445 751 649 823 tempestatem
676 742 852 824 profiteatur
873 741 1036 805 Historiam
1062 742 1218 819 deducere,

128 825 262 886 auctoris
274 825 386 905 pariter
408 835 438 887 et
458 827 573 888 librarii
598 828 799 889 testimonium
824 847 889 889 esse
913 839 1030 909 potest,
1060 828 1112 905 qui
1143 849 1218 909 opus

128 912 255 971 fortasse
272 912 409 971 nondum
426 912 596 974 absolutum
613 923 718 974 reactus
735 913 766 972 in
786 911 916 974 Heraclii
936 933 1030 974 annos
1051 912 1114 971 eius
1130 912 1220 974 finem

128 995 281 1071 incidere,
303 1017 364 1056 non
382 1006 533 1058 auctorem
547 998 659 1058 vixisse
676 1007 819 1059 reinna:
840 1008 934 1078 prout
946 1018 1009 1060 non
1022 994 1154 1057 absimili
1168 1001 1217 1057 lo·

128 1080 242 1159 qucndi
262 1100 362 1158 mors,
380 1100 441 1160 quo
457 1082 544 1141 annis
561 1083 727 1161 quingentis
743 1082 938 1162 posteriorem
961 1080 1120 1159 Georgium
1138 1084 1219 1162 Sya-

128 1165 255 1241 cellum,
277 1159 339 1229 rinei
358 1160 450 1244 Ἀδᾶμ
466 1166 549 1247 μέχρι
565 1170 622 1229 rosi
636 1171 872 1247 Διοκλητιανοῦ,
892 1168 931 1227 ad
948 1166 1121 1229 Diocletiani
1134 1167 1217 1247 prin·

127 1251 202 1328 cipis
216 1250 374 1329 imperium
388 1247 660 1332 (llrronograplriam
672 1253 860 1312 continuasse
872 1252 1010 1312 librarius
1032 1258 1133 1309 noster
1142 1250 1217 1310 seri·

126 1344 212 1413 ptum
233 1334 266 1392 io
284 1333 374 1392 titulo
394 1333 532 1414 reliquit:
560 1337 749 1416 quantumvis
772 1338 852 1397 circa
875 1336 999 1397 dubium
1022 1353 1079 1394 noc
1094 1342 1218 1394 senten·

126 1418 199 1477 tiam
225 1437 265 1478 ex
284 1418 427 1478 tribunali
448 1422 665 1499 pronunciare,
690 1440 745 1483 nee
763 1419 848 1482 litem
873 1440 993 1482 movere
1013 1420 1122 1500 placet.
1172 1417 1224 1479 te·

127 1502 289 1577 Georgium
303 1503 400 1582 ipsum
414 1505 521 1580 renio,
543 1505 581 1565 de
596 1505 682 1565 cuius
693 1525 834 1587 mona,
854 1524 944 1586 opere
952 1550 961 1582 ,
984 1502 1134 1565 scribendi
1148 1501 1216 1581 line,

126 1587 204 1647 libro
221 1587 285 1647 tls.
301 1599 331 1646 ot
351 1588 486 1647 versione
499 1610 537 1651 ex
551 1590 746 1671 interpretum
760 1611 844 1652 more
857 1590 931 1650 mihi
944 1588 1148 1671 praefandum.

211 1672 357 1748 Georgius
387 1686 582 1751 cognomento
608 1677 763 1754 syncellus
784 1693 891 1753 genere
912 1683 943 1734 et
967 1673 1064 1753 patria
1084 1671 1216 1750 ignotus,

124 1758 259 1817 fortunis
273 1766 303 1817 et
318 1756 420 1816 muntii
435 1759 576 1836 (lignitate
591 1757 716 1837 dubius,
737 1779 772 1818 ea
787 1778 875 1839 quom
890 1759 1002 1818 meritis
1015 1768 1044 1818 et
1057 1754 1216 1815 virtutibus

125 1842 157 1899 in
174 1840 310 1901 Ecclesia
326 1842 468 1901 sustinuit
484 1843 697 1904 celeberrimus
738 1842 835 1905 liuius
850 1862 956 1903 nornen
972 1863 1007 1901 ac
1026 1839 1144 1901 laudem
1160 1838 1217 1898 ui-

123 1945 216 1985 caena
235 1926 360 2005 Synodo
378 1926 506 1986 meando
525 1937 733 2008 personantem
754 1928 846 1990 refert
865 1927 1036 1988 Anastasius
1052 1921 1218 1984 Bibliothe-

123 2011 224 2069 csrius
235 2010 269 2067 in
282 2012 391 2088 praefat
399 2012 464 2070 ione
474 2012 585 2074 Hister.
597 2013 711 2075 Eccles.
721 2032 825 2075 verum
837 2032 893 2072 nec
904 2012 1004 2092 Cypro
1018 2008 1130 2090 putria,
1152 2016 1219 2066 tan·

122 2113 211 2172 quern
227 2095 330 2170 Cypro
354 2094 497 2169 genitrice
517 2096 630 2174 prolem
645 2093 690 2175 ⁴),
713 2098 761 2157 vsl
783 2096 902 2172 Georgii
928 2093 1032 2173 Cyprii
1054 2113 1070 2149 a
1094 2090 1217 2171 synodo

121 2177 197 2237 iuste
218 2176 364 2236 vindicati
388 2186 418 2235 et
439 2177 565 2253 cinciae
585 2173 706 2259 μνήμης
724 2178 850 2239 vocibus
870 2178 990 2257 excepti
1009 2175 1129 2237 nornine
1155 2194 1217 2238 nou

122 2260 349 2321 inscribendam
369 2263 493 2321 aerterter
515 2263 654 2323 admonet
672 2262 767 2322 titulis
788 2264 938 2343 plerisque
953 2260 1142 2322 Clarissimus
1157 2259 1217 2319 Leo

122 2347 254 2407 dllstiue
269 2344 401 2404 lliotriba
415 2345 453 2405 de
465 2337 600 2429 Georgiis
611 2347 734 2408 omnino
745 2348 850 2426 liegia,
872 2348 903 2407 in
920 2366 995 2427 qus,
1015 2345 1041 2405 si
1053 2344 1127 2405 hacc
1140 2362 1217 2428 quo·

122 2450 183 2512 qne
195 2429 273 2491 velis
285 2438 427 2513 excepta,
449 2430 486 2490 dc
501 2432 619 2512 Georgii
628 2431 758 2512 Syncslli
773 2433 892 2514 scriptis
905 2430 1093 2492 selectiasima
1106 2446 1217 2489 occur-

122 2526 206 2577 runt.
250 2515 291 2574 Aa
310 2515 438 2594 Cyprius
458 2516 527 2592 ille,
556 2517 608 2593 qui
627 2526 696 2577 ante
714 2537 808 2578 annos
830 2516 1040 2597 quinquaginta
1060 2510 1216 2592 synodum

122 2611 222 2660 morte
237 2607 447 2680 praeuenerat,
470 2600 540 2660 licet
556 2599 608 2661 hic
626 2600 774 2662 immerito
788 2610 962 2673 vocaretur,
984 2617 1020 2657 ea
1037 2595 1216 2675 quibusdam

123 2685 220 2743 nibilo
234 2683 332 2741 secius
348 2682 460 2761 Synodi
477 2694 541 2743 scta
563 2684 729 2763 subscripto
750 2684 867 2763 Georgii
891 2683 1011 2741 nomine
1029 2678 1216 2741 lirmautibus

122 2767 365 2847 insuspieionem
379 2766 462 2825 venit
475 2768 602 2846 aliquem
616 2786 678 2830 esse
688 2768 857 2848 syncellum
870 2764 1215 2843 Brevioriiclaronogm·

122 2852 207 2936 plrici
230 2860 390 2911 auctorem.
431 2849 634 2911 Numerantur
655 2861 716 2913 tres
728 2852 807 2913 scri.
821 2853 852 2919 4.
875 2852 959 2913 Prior
981 2850 1121 2911 Narmaei
1141 2847 1215 2927 lipi-

122 2937 211 3020 scopi
222 2935 291 2996 rice
305 2953 424 3013 gereres,
443 2935 520 2997 alter
531 2936 744 2998 Domnicorum
756 2937 813 2999 GP.
826 2929 1012 3021 ἡγούμενος,
1038 2936 1142 2995 tertius
1153 2932 1216 2993 rbi·

121 3023 193 3084 dern
212 3020 393 3082 blonasterio
409 3018 554 3101 Deiparae
575 3021 689 3102 pariter
709 3022 893 3097 Praefectus,
915 3021 1022 3101 quibus
1044 3025 1215 3079 accensetur

120 3107 204 3168 deti.
216 3112 249 3173 fn
262 3113 385 3187 quernas
397 3103 503 3166 blosici
515 3107 659 3167 Pmesulis
666 3126 821 3188 personam
831 3106 962 3168 referem
974 3105 1051 3167 alter
1061 3101 1214 3181 Georgius.

120 3191 269 3252 Fueritne
279 3190 401 3252 illorum
412 3210 475 3251 non
489 3210 588 3268 nemo,
609 3210 665 3251 ceu
679 3192 835 3271 Presbyter
845 3201 933 3269 atque
947 3182 1131 3270 ἡγούμενος,
1152 3185 1215 3249 Ab·

120 3278 175 3337 bas
189 3285 298 3336 noster
307 3284 338 3335 et
353 3271 535 3357 Σύγκελλος,
556 3273 651 3337 babeo
665 3277 745 3355 quod
759 3276 932 3351 coniiciam,
953 3293 1014 3332 non
1024 3271 1118 3332 babeo
1132 3270 1216 3350 quod

121 3380 265 3424 asseram.
307 3359 440 3420 Eundem
456 3358 632 3440 Logothetae
648 3380 769 3423 munem
786 3369 925 3421 ornatum
944 3358 1030 3439 prius
1044 3356 1077 3416 ia
1096 3355 1215 3419 saeculo

120 3445 199 3507 milri
214 3442 330 3526 paritor
350 3454 380 3504 et
396 3445 584 3505 illationis
604 3445 734 3525 suspicio
754 3454 814 3504 est:
837 3442 950 3504 divitiis
963 3452 1061 3503 sutem
1075 3451 1106 3501 et
1125 3438 1214 3499 nobi·

120 3532 210 3592 litate
221 3528 381 3605 insignem,
402 3530 517 3589 mundo
533 3538 718 3611 contempto,
738 3528 852 3590 Tarasii
864 3527 969 3609 Regiae
983 3526 1065 3586 urbis
1087 3526 1216 3584 Praesu-

120 3616 161 3675 lis
176 3612 352 3696 Synesllum
371 3612 510 3673 ellectum
524 3614 643 3696 (mundi
661 3635 731 3675 vero
755 3622 930 3695 contemptu
950 3611 1007 3671 soli
1027 3629 1058 3671 se
1072 3608 1218 3669 deiiciunt

120 3698 284 3778 opulenti,
306 3704 337 3756 et
351 3696 390 3757 ad
403 3698 536 3777 Syncelli
551 3720 662 3761 munus
675 3698 790 3760 nobiles
806 3720 840 3759 eo
860 3708 992 3777 tempore
1008 3692 1216 3776 prorolrebsn·

120 3792 176 3842 tur
190 3781 274 3861 soli),
286 3790 463 3842 memoratus
476 3785 582 3843 asserit
594 3784 775 3845 Anastasius.
816 3780 978 3845 Monachus
991 3777 1159 3840 solitudinis
1171 3795 1217 3834 re-

121 3885 211 3927 cessu
231 3876 263 3926 st
281 3865 405 3928 horrore
419 3865 592 3927 delitescens
611 3869 738 3929 delatam
758 3870 894 3950 inpares
915 3865 972 3927 sibi
993 3860 1217 3924 contubernales

121 3949 244 4030 accepit
257 3951 492 4023 Praeieetursm,
512 3960 542 4011 et
557 3953 597 4011 ob
609 3973 709 4014 remur
720 3953 914 4033 gerendarum
929 3951 1095 4023 solertiam,
1117 3946 1218 4008 uirtu-

121 4046 230 4114 tesqae
254 4034 363 4113 quilius
384 4035 535 4117 praeibat,
556 4036 698 4116 insignis,
724 4038 830 4098 usitate
850 4029 1037 4119 ἡγούμενος,
1057 4028 1219 4113 theopha-

122 4121 173 4183 nis
188 4115 219 4199 ⁵)
238 4116 335 4176 umbo
356 4113 470 4201 Ἆββᾶς
490 4121 667 4186 declaratur.
710 4123 797 4183 Fides
818 4122 897 4195 eias,
923 4118 1098 4203 prudentis,
1123 4114 1218 4196 pietas

124 4208 158 4267 in
175 4205 269 4265 Deam
282 4209 315 4263 ot
331 4201 510 4284 Ecclesiam,
534 4206 671 4269 doctrina
688 4207 853 4286 excellens,
880 4226 937 4269 nec
958 4200 1124 4267 commuuio
1149 4205 1218 4258 ante

159 4386 195 4456 4)
212 4387 271 4441 see.
289 4383 309 4437 li
324 4389 353 4439 ct
367 4384 393 4439 7.
460 4388 493 4455 5)
510 4389 539 4441 ln
556 4389 655 4444 illator.
674 4389 808 4460 proaemio.
