<?xml version="1.0" encoding="UTF-8"?>
<!DOCTYPE html PUBLIC "-//W3C//DTD XHTML 1.0 Transitional//EN"
    "http://www.w3.org/TR/xhtml1/DTD/xhtml1-transitional.dtd">
<html xmlns="http://www.w3.org/1999/xhtml" xml:lang="en" lang="en">
 <head>
  <title>
</title>
<meta http-equiv="Content-Type" content="text/html;charset=utf-8" />
  <meta name='ocr-system' content='tesseract 3.04.00' />
  <meta name='ocr-capabilities' content='ocr_page ocr_carea ocr_par ocr_line ocrx_word'/>
</head>
<body>
  <div class='ocr_page' id='page_1' title='image "./corpusscriptoru10berlgoog_0562.png"; bbox 0 0 2888 5002; ppageno 0'>
   <div class='ocr_carea' id='block_1_1' title="bbox 456 382 1186 468">
    <p class='ocr_par' dir='ltr' id='par_1_1' title="bbox 456 382 1186 468">
     <span class='ocr_line' id='line_1_1' title="bbox 456 382 1186 468; baseline -0.011 0"><span class='ocrx_word' id='word_1_1' title='bbox 456 398 517 468; x_wconf 83' lang='lat' dir='ltr'><strong>ET</strong></span> <span class='ocrx_word' id='word_1_2' title='bbox 537 395 888 467; x_wconf 74' lang='lat' dir='ltr'><strong>ANNOTATIONES.</strong></span> <span class='ocrx_word' id='word_1_3' title='bbox 1109 382 1186 462; x_wconf 73' lang='grc'><strong>087</strong></span> 
     </span>
    </p>
   </div>
   <div class='ocr_carea' id='block_1_2' title="bbox 109 551 1188 896">
    <p class='ocr_par' dir='ltr' id='par_1_2' title="bbox 111 551 1188 636">
     <span class='ocr_line' id='line_1_2' title="bbox 111 551 1188 636; baseline -0.002 -15"><span class='ocrx_word' id='word_1_4' title='bbox 111 578 173 621; x_wconf 84' lang='lat' dir='ltr'><strong>rum</strong></span> <span class='ocrx_word' id='word_1_5' title='bbox 183 559 367 621; x_wconf 75' lang='lat' dir='ltr'><strong>exoriente·</strong></span> <span class='ocrx_word' id='word_1_6' title='bbox 380 563 527 617; x_wconf 81' lang='lat' dir='ltr'><strong>removet:</strong></span> <span class='ocrx_word' id='word_1_7' title='bbox 550 553 604 636; x_wconf 88' lang='lat' dir='ltr'><strong>qui</strong></span> <span class='ocrx_word' id='word_1_8' title='bbox 618 554 711 633; x_wconf 79' lang='lat' dir='ltr'><strong>igitur</strong></span> <span class='ocrx_word' id='word_1_9' title='bbox 721 551 871 615; x_wconf 71' lang='lat' dir='ltr'><strong>Penorlori</strong></span> <span class='ocrx_word' id='word_1_10' title='bbox 883 552 1005 616; x_wconf 82' lang='lat' dir='ltr'><strong>coleulie</strong></span> <span class='ocrx_word' id='word_1_11' title='bbox 1018 552 1058 615; x_wconf 74' lang='lat' dir='ltr'><strong>ecl</strong></span> <span class='ocrx_word' id='word_1_12' title='bbox 1070 552 1188 633; x_wconf 76' lang='lat' dir='ltr'><strong>regulet</strong></span> 
     </span>
    </p>

    <p class='ocr_par' dir='ltr' id='par_1_3' title="bbox 110 639 1188 722">
     <span class='ocr_line' id='line_1_3' title="bbox 110 639 1188 722; baseline -0.005 -16"><span class='ocrx_word' id='word_1_13' title='bbox 110 642 326 707; x_wconf 67' lang='lat' dir='ltr'><strong>Autronomicee</strong></span> <span class='ocrx_word' id='word_1_14' title='bbox 351 661 441 722; x_wconf 88' lang='lat' dir='ltr'><strong>quam</strong></span> <span class='ocrx_word' id='word_1_15' title='bbox 467 649 605 701; x_wconf 80' lang='lat' dir='ltr'><strong>rccurete</strong></span> <span class='ocrx_word' id='word_1_16' title='bbox 625 639 747 702; x_wconf 79' lang='lat' dir='ltr'><strong>directis</strong></span> <span class='ocrx_word' id='word_1_17' title='bbox 767 658 852 699; x_wconf 80' lang='lat' dir='ltr'><strong>aereo</strong></span> <span class='ocrx_word' id='word_1_18' title='bbox 880 641 1043 700; x_wconf 85' lang='lat' dir='ltr'><strong>communie</strong></span> <span class='ocrx_word' id='word_1_19' title='bbox 1063 640 1114 707; x_wconf 76' lang='lat'><strong>42.</strong></span> <span class='ocrx_word' id='word_1_20' title='bbox 1133 650 1188 720; x_wconf 81' lang='lat' dir='ltr'><strong>en,</strong></span> 
     </span>
    </p>

    <p class='ocr_par' dir='ltr' id='par_1_4' title="bbox 109 723 1188 896">
     <span class='ocr_line' id='line_1_4' title="bbox 109 723 1145 806; baseline -0.006 -13"><span class='ocrx_word' id='word_1_21' title='bbox 109 728 182 793; x_wconf 78' lang='lat' dir='ltr'><strong>item</strong></span> <span class='ocrx_word' id='word_1_22' title='bbox 191 729 227 788; x_wconf 92' lang='lat' dir='ltr'><strong>in</strong></span> <span class='ocrx_word' id='word_1_23' title='bbox 241 726 359 806; x_wconf 84' lang='lat' dir='ltr'><strong>Georgii</strong></span> <span class='ocrx_word' id='word_1_24' title='bbox 371 726 478 787; x_wconf 68' lang='lat' dir='ltr'><strong>tabulis</strong></span> <span class='ocrx_word' id='word_1_25' title='bbox 487 725 655 787; x_wconf 85' lang='lat' dir='ltr'><strong>triceeimue</strong></span> <span class='ocrx_word' id='word_1_26' title='bbox 667 725 773 785; x_wconf 86' lang='lat' dir='ltr'><strong>tertiue</strong></span> <span class='ocrx_word' id='word_1_27' title='bbox 792 724 938 784; x_wconf 75' lang='lat' dir='ltr'><strong>duntaxat</strong></span> <span class='ocrx_word' id='word_1_28' title='bbox 950 723 1145 787; x_wconf 73' lang='lat' dir='ltr'><strong>ordinabitur.</strong></span> 
     </span>
     <span class='ocr_line' id='line_1_5' title="bbox 186 801 1188 896; baseline -0.003 -20"><span class='ocrx_word' id='word_1_29' title='bbox 186 814 402 896; x_wconf 73' lang='grc' dir='ltr'><strong><em>Πρωτοντίοτρο</em></strong></span> <span class='ocrx_word' id='word_1_30' title='bbox 418 809 516 896; x_wconf 69' lang='grc' dir='ltr'><strong><em>ἡμέρᾳ</em></strong></span> <span class='ocrx_word' id='word_1_31' title='bbox 534 807 614 890; x_wconf 69' lang='grc' dir='ltr'><strong><em>ζωὴν</em></strong></span> <span class='ocrx_word' id='word_1_32' title='bbox 633 810 666 875; x_wconf 72' lang='lat' dir='ltr'><strong>le</strong></span> <span class='ocrx_word' id='word_1_33' title='bbox 683 813 800 891; x_wconf 76' lang='grc' dir='ltr'><strong><em>νενροῖν</em></strong></span> <span class='ocrx_word' id='word_1_34' title='bbox 810 801 979 889; x_wconf 62' lang='lat' dir='ltr'><strong>intimem]</strong></span> <span class='ocrx_word' id='word_1_35' title='bbox 1001 810 1043 869; x_wconf 87' lang='lat' dir='ltr'><strong>Ut</strong></span> <span class='ocrx_word' id='word_1_36' title='bbox 1057 810 1188 873; x_wconf 70' lang='lat' dir='ltr'><strong>muudus</strong></span> 
     </span>
    </p>
   </div>
   <div class='ocr_carea' id='block_1_3' title="bbox 104 891 1195 2411">
    <p class='ocr_par' dir='ltr' id='par_1_5' title="bbox 107 891 1192 1379">
     <span class='ocr_line' id='line_1_6' title="bbox 108 891 1188 974; baseline -0.003 -15"><span class='ocrx_word' id='word_1_37' title='bbox 108 895 202 959; x_wconf 71' lang='lat' dir='ltr'><strong>Merui</strong></span> <span class='ocrx_word' id='word_1_38' title='bbox 221 896 331 958; x_wconf 86' lang='lat' dir='ltr'><strong>meueie</strong></span> <span class='ocrx_word' id='word_1_39' title='bbox 348 896 397 957; x_wconf 75' lang='lat' dir='ltr'><strong>tte</strong></span> <span class='ocrx_word' id='word_1_40' title='bbox 419 895 470 964; x_wconf 80' lang='lat'><strong>25.</strong></span> <span class='ocrx_word' id='word_1_41' title='bbox 493 895 647 973; x_wconf 81' lang='lat' dir='ltr'><strong>conditur,</strong></span> <span class='ocrx_word' id='word_1_42' title='bbox 676 894 777 954; x_wconf 86' lang='lat' dir='ltr'><strong>eodem</strong></span> <span class='ocrx_word' id='word_1_43' title='bbox 798 894 911 972; x_wconf 87' lang='lat' dir='ltr'><strong>pariter</strong></span> <span class='ocrx_word' id='word_1_44' title='bbox 938 891 987 952; x_wconf 87' lang='lat' dir='ltr'><strong>die</strong></span> <span class='ocrx_word' id='word_1_45' title='bbox 1003 892 1037 953; x_wconf 92' lang='lat' dir='ltr'><strong>in</strong></span> <span class='ocrx_word' id='word_1_46' title='bbox 1057 893 1188 974; x_wconf 84' lang='lat' dir='ltr'><strong>Virginie</strong></span> 
     </span>
     <span class='ocr_line' id='line_1_7' title="bbox 107 978 1189 1060; baseline -0.003 -18"><span class='ocrx_word' id='word_1_47' title='bbox 107 990 188 1042; x_wconf 87' lang='lat' dir='ltr'><strong>utero</strong></span> <span class='ocrx_word' id='word_1_48' title='bbox 208 982 365 1041; x_wconf 87' lang='lat' dir='ltr'><strong>mortalem</strong></span> <span class='ocrx_word' id='word_1_49' title='bbox 384 980 477 1041; x_wconf 79' lang='lat' dir='ltr'><strong>ritem</strong></span> <span class='ocrx_word' id='word_1_50' title='bbox 496 978 628 1040; x_wconf 77' lang='lat' dir='ltr'>Verbum</span> <span class='ocrx_word' id='word_1_51' title='bbox 648 999 737 1039; x_wconf 84' lang='lat' dir='ltr'><strong>carna</strong></span> <span class='ocrx_word' id='word_1_52' title='bbox 756 978 896 1038; x_wconf 88' lang='lat' dir='ltr'><strong>indutum</strong></span> <span class='ocrx_word' id='word_1_53' title='bbox 915 978 1045 1060; x_wconf 86' lang='lat' dir='ltr'><strong>accepit,</strong></span> <span class='ocrx_word' id='word_1_54' title='bbox 1066 988 1189 1039; x_wconf 84' lang='lat' dir='ltr'><strong>ecten-</strong></span> 
     </span>
     <span class='ocr_line' id='line_1_8' title="bbox 108 1061 1191 1143; baseline -0.002 -17"><span class='ocrx_word' id='word_1_55' title='bbox 108 1065 171 1126; x_wconf 88' lang='lat' dir='ltr'><strong>dam</strong></span> <span class='ocrx_word' id='word_1_56' title='bbox 184 1085 265 1126; x_wconf 87' lang='lat' dir='ltr'><strong>anno</strong></span> <span class='ocrx_word' id='word_1_57' title='bbox 284 1065 336 1131; x_wconf 78' lang='grc'><strong>84.</strong></span> <span class='ocrx_word' id='word_1_58' title='bbox 350 1073 524 1126; x_wconf 72' lang='lat' dir='ltr'>recurrente</span> <span class='ocrx_word' id='word_1_59' title='bbox 536 1064 566 1123; x_wconf 93' lang='lat' dir='ltr'><strong>in</strong></span> <span class='ocrx_word' id='word_1_60' title='bbox 581 1063 678 1136; x_wconf 68' lang='lat' dir='ltr'><strong>¹vitam</strong></span> <span class='ocrx_word' id='word_1_61' title='bbox 691 1061 764 1122; x_wconf 88' lang='lat' dir='ltr'><strong>lethi</strong></span> <span class='ocrx_word' id='word_1_62' title='bbox 779 1072 929 1143; x_wconf 85' lang='lat' dir='ltr'><strong>expertem</strong></span> <span class='ocrx_word' id='word_1_63' title='bbox 943 1072 1094 1142; x_wconf 71' lang='lat' dir='ltr'><strong>resumpto</strong></span> <span class='ocrx_word' id='word_1_64' title='bbox 1115 1084 1191 1124; x_wconf 88' lang='lat' dir='ltr'><strong>cor·-</strong></span> 
     </span>
     <span class='ocr_line' id='line_1_9' title="bbox 107 1146 1191 1230; baseline -0.002 -20"><span class='ocrx_word' id='word_1_65' title='bbox 107 1169 176 1230; x_wconf 87' lang='lat' dir='ltr'><strong>pore</strong></span> <span class='ocrx_word' id='word_1_66' title='bbox 193 1148 330 1210; x_wconf 70' lang='lat' dir='ltr'><strong>Christo·</strong></span> <span class='ocrx_word' id='word_1_67' title='bbox 352 1148 442 1211; x_wconf 81' lang='lat' dir='ltr'><strong>bomo</strong></span> <span class='ocrx_word' id='word_1_68' title='bbox 459 1148 586 1210; x_wconf 77' lang='lat' dir='ltr'><strong>feliciter</strong></span> <span class='ocrx_word' id='word_1_69' title='bbox 607 1147 742 1208; x_wconf 79' lang='lat' dir='ltr'><strong>truntiit:</strong></span> <span class='ocrx_word' id='word_1_70' title='bbox 764 1168 837 1227; x_wconf 82' lang='lat' dir='ltr'><strong>quur</strong></span> <span class='ocrx_word' id='word_1_71' title='bbox 851 1156 910 1207; x_wconf 83' lang='lat' dir='ltr'><strong>tree</strong></span> <span class='ocrx_word' id='word_1_72' title='bbox 934 1167 1036 1207; x_wconf 79' lang='lat' dir='ltr'><strong>mutue</strong></span> <span class='ocrx_word' id='word_1_73' title='bbox 1051 1146 1135 1208; x_wconf 69' lang='lat' dir='ltr'><strong>olli&#39;xi</strong></span> <span class='ocrx_word' id='word_1_74' title='bbox 1150 1147 1191 1208; x_wconf 80' lang='lat' dir='ltr'><strong>ud</strong></span> 
     </span>
     <span class='ocr_line' id='line_1_10' title="bbox 108 1230 1192 1316; baseline -0.002 -22"><span class='ocrx_word' id='word_1_75' title='bbox 108 1234 205 1312; x_wconf 34' lang='lat' dir='ltr'><strong>liertii·</strong></span> <span class='ocrx_word' id='word_1_76' title='bbox 216 1234 296 1293; x_wconf 87' lang='lat' dir='ltr'><strong>diem</strong></span> <span class='ocrx_word' id='word_1_77' title='bbox 310 1233 361 1301; x_wconf 76' lang='lat'><strong>26.</strong></span> <span class='ocrx_word' id='word_1_78' title='bbox 374 1232 445 1293; x_wconf 85' lang='lat' dir='ltr'><strong>euni</strong></span> <span class='ocrx_word' id='word_1_79' title='bbox 460 1230 604 1316; x_wconf 81' lang='lat' dir='ltr'><strong>principii</strong></span> <span class='ocrx_word' id='word_1_80' title='bbox 615 1231 653 1291; x_wconf 83' lang='lat' dir='ltr'><strong>ub</strong></span> <span class='ocrx_word' id='word_1_81' title='bbox 667 1231 765 1312; x_wconf 76' lang='lat' dir='ltr'><strong>operit</strong></span> <span class='ocrx_word' id='word_1_82' title='bbox 783 1231 873 1293; x_wconf 86' lang='lat' dir='ltr'><strong>huiue</strong></span> <span class='ocrx_word' id='word_1_83' title='bbox 891 1232 979 1293; x_wconf 83' lang='lat' dir='ltr'><strong>initio</strong></span> <span class='ocrx_word' id='word_1_84' title='bbox 994 1233 1137 1313; x_wconf 86' lang='lat' dir='ltr'><strong>Georgiue</strong></span> <span class='ocrx_word' id='word_1_85' title='bbox 1158 1232 1192 1293; x_wconf 88' lang='lat' dir='ltr'><strong>iu</strong></span> 
     </span>
     <span class='ocr_line' id='line_1_11' title="bbox 107 1315 386 1379; baseline -0.004 0"><span class='ocrx_word' id='word_1_86' title='bbox 107 1318 233 1379; x_wconf 82' lang='lat' dir='ltr'><strong>medium</strong></span> <span class='ocrx_word' id='word_1_87' title='bbox 250 1315 386 1378; x_wconf 69' lang='lat' dir='ltr'><strong>adduxit.</strong></span> 
     </span>
    </p>

    <p class='ocr_par' dir='ltr' id='par_1_6' title="bbox 106 1391 1195 2071">
     <span class='ocr_line' id='line_1_12' title="bbox 176 1391 1192 1487; baseline -0.005 -22"><span class='ocrx_word' id='word_1_88' title='bbox 176 1398 266 1476; x_wconf 72' lang='lat' dir='ltr'><strong>“Herc</strong></span> <span class='ocrx_word' id='word_1_89' title='bbox 282 1398 330 1465; x_wconf 77' lang='grc' dir='ltr'><strong>οἷοὶ</strong></span> <span class='ocrx_word' id='word_1_90' title='bbox 345 1404 385 1487; x_wconf 72' lang='grc' dir='ltr'><strong>τῇ</strong></span> <span class='ocrx_word' id='word_1_91' title='bbox 398 1392 447 1465; x_wconf 76' lang='lat' dir='ltr'><strong>et&#39;·</strong></span> <span class='ocrx_word' id='word_1_92' title='bbox 461 1404 518 1464; x_wconf 76' lang='grc' dir='ltr'><strong>τοῦ</strong></span> <span class='ocrx_word' id='word_1_93' title='bbox 531 1397 674 1482; x_wconf 70' lang='grc' dir='ltr'><strong><em>Μαρτίου</em></strong></span> <span class='ocrx_word' id='word_1_94' title='bbox 690 1391 805 1480; x_wconf 63' lang='grc' dir='ltr'><strong><em>μηνός]</em></strong></span> <span class='ocrx_word' id='word_1_95' title='bbox 827 1398 862 1459; x_wconf 91' lang='lat' dir='ltr'><strong>ln</strong></span> <span class='ocrx_word' id='word_1_96' title='bbox 884 1420 942 1479; x_wconf 90' lang='lat' dir='ltr'><strong>quo</strong></span> <span class='ocrx_word' id='word_1_97' title='bbox 959 1401 1119 1480; x_wconf 74' lang='lat' dir='ltr'><strong>Georgium</strong></span> <span class='ocrx_word' id='word_1_98' title='bbox 1136 1398 1192 1460; x_wconf 82' lang='lat' dir='ltr'><strong>cle-</strong></span> 
     </span>
     <span class='ocr_line' id='line_1_13' title="bbox 108 1484 1193 1568; baseline -0.003 -21"><span class='ocrx_word' id='word_1_99' title='bbox 108 1486 165 1568; x_wconf 88' lang='lat' dir='ltr'><strong>cipi</strong></span> <span class='ocrx_word' id='word_1_100' title='bbox 185 1488 269 1545; x_wconf 88' lang='lat' dir='ltr'><strong>ultro</strong></span> <span class='ocrx_word' id='word_1_101' title='bbox 292 1485 424 1562; x_wconf 86' lang='lat' dir='ltr'><strong>citroque</strong></span> <span class='ocrx_word' id='word_1_102' title='bbox 443 1486 481 1545; x_wconf 81' lang='lat' dir='ltr'><strong>nd</strong></span> <span class='ocrx_word' id='word_1_103' title='bbox 501 1504 617 1545; x_wconf 79' lang='lat' dir='ltr'><strong>menter</strong></span> <span class='ocrx_word' id='word_1_104' title='bbox 637 1485 785 1544; x_wconf 81' lang='lat' dir='ltr'><strong>Romanor</strong></span> <span class='ocrx_word' id='word_1_105' title='bbox 807 1484 953 1561; x_wconf 77' lang='lat' dir='ltr'><strong>olligonrle</strong></span> <span class='ocrx_word' id='word_1_106' title='bbox 969 1486 1061 1546; x_wconf 81' lang='lat' dir='ltr'><strong>Niearr</strong></span> <span class='ocrx_word' id='word_1_107' title='bbox 1077 1484 1193 1546; x_wconf 82' lang='lat' dir='ltr'><strong>ludrici</strong></span> 
     </span>
     <span class='ocr_line' id='line_1_14' title="bbox 106 1567 1193 1653; baseline 0 -24"><span class='ocrx_word' id='word_1_108' title='bbox 106 1569 258 1630; x_wconf 72' lang='lat' dir='ltr'><strong>neomenia</strong></span> <span class='ocrx_word' id='word_1_109' title='bbox 270 1567 462 1628; x_wconf 83' lang='lat' dir='ltr'><strong>demonatrot.</strong></span> <span class='ocrx_word' id='word_1_110' title='bbox 483 1569 528 1626; x_wconf 75' lang='lat' dir='ltr'><strong>Ac</strong></span> <span class='ocrx_word' id='word_1_111' title='bbox 541 1568 568 1626; x_wconf 84' lang='lat' dir='ltr'><strong>ei</strong></span> <span class='ocrx_word' id='word_1_112' title='bbox 582 1567 681 1626; x_wconf 80' lang='lat' dir='ltr'><strong>llrrtii</strong></span> <span class='ocrx_word' id='word_1_113' title='bbox 697 1569 750 1633; x_wconf 79' lang='lat'><strong>25.</strong></span> <span class='ocrx_word' id='word_1_114' title='bbox 763 1568 957 1629; x_wconf 78' lang='lat' dir='ltr'><strong>devincierrala</strong></span> <span class='ocrx_word' id='word_1_115' title='bbox 971 1591 1088 1653; x_wconf 69' lang='lat' dir='ltr'><strong>semper</strong></span> <span class='ocrx_word' id='word_1_116' title='bbox 1101 1570 1193 1631; x_wconf 74' lang='lat' dir='ltr'><strong>Nicon</strong></span> 
     </span>
     <span class='ocr_line' id='line_1_15' title="bbox 106 1648 1192 1730; baseline -0.002 -16"><span class='ocrx_word' id='word_1_117' title='bbox 106 1653 274 1728; x_wconf 86' lang='lat' dir='ltr'><strong>neomenia;</strong></span> <span class='ocrx_word' id='word_1_118' title='bbox 305 1672 376 1713; x_wconf 82' lang='lat' dir='ltr'><strong>rane</strong></span> <span class='ocrx_word' id='word_1_119' title='bbox 402 1649 538 1712; x_wconf 71' lang='lat' dir='ltr'><strong>Christus</strong></span> <span class='ocrx_word' id='word_1_120' title='bbox 559 1648 661 1712; x_wconf 82' lang='lat' dir='ltr'><strong>Mortii</strong></span> <span class='ocrx_word' id='word_1_121' title='bbox 681 1655 732 1718; x_wconf 79' lang='lat'><strong>25.</strong></span> <span class='ocrx_word' id='word_1_122' title='bbox 753 1669 816 1710; x_wconf 86' lang='lat' dir='ltr'><strong>non</strong></span> <span class='ocrx_word' id='word_1_123' title='bbox 840 1656 993 1714; x_wconf 83' lang='lat' dir='ltr'><strong>exurrexit</strong></span> <span class='ocrx_word' id='word_1_124' title='bbox 1016 1676 1033 1713; x_wconf 92' lang='lat' dir='ltr'><strong>a</strong></span> <span class='ocrx_word' id='word_1_125' title='bbox 1055 1654 1192 1730; x_wconf 82' lang='lat' dir='ltr'><strong>mortuir,</strong></span> 
     </span>
     <span class='ocr_line' id='line_1_16' title="bbox 108 1735 1193 1818; baseline 0.001 -21"><span class='ocrx_word' id='word_1_126' title='bbox 108 1736 342 1818; x_wconf 79' lang='lat' dir='ltr'><strong>quondoquidem</strong></span> <span class='ocrx_word' id='word_1_127' title='bbox 359 1735 450 1797; x_wconf 76' lang='lat' dir='ltr'><strong>Nicen</strong></span> <span class='ocrx_word' id='word_1_128' title='bbox 462 1735 494 1795; x_wconf 89' lang='lat' dir='ltr'><strong>id</strong></span> <span class='ocrx_word' id='word_1_129' title='bbox 514 1745 558 1795; x_wconf 85' lang='lat' dir='ltr'><strong>ert</strong></span> <span class='ocrx_word' id='word_1_130' title='bbox 575 1737 673 1796; x_wconf 78' lang='lat' dir='ltr'><strong>Lunae</strong></span> <span class='ocrx_word' id='word_1_131' title='bbox 692 1745 845 1815; x_wconf 72' lang='lat' dir='ltr'><strong>reparatae</strong></span> <span class='ocrx_word' id='word_1_132' title='bbox 858 1735 905 1795; x_wconf 85' lang='lat' dir='ltr'><strong>dio</strong></span> <span class='ocrx_word' id='word_1_133' title='bbox 920 1742 969 1802; x_wconf 84' lang='lat'><strong>17.</strong></span> <span class='ocrx_word' id='word_1_134' title='bbox 987 1736 1019 1796; x_wconf 92' lang='lat' dir='ltr'><strong>in</strong></span> <span class='ocrx_word' id='word_1_135' title='bbox 1034 1739 1127 1797; x_wconf 77' lang='lat' dir='ltr'><strong>vitum</strong></span> <span class='ocrx_word' id='word_1_136' title='bbox 1142 1757 1193 1798; x_wconf 87' lang='lat' dir='ltr'><strong>re-</strong></span> 
     </span>
     <span class='ocr_line' id='line_1_17' title="bbox 106 1819 1194 1899; baseline -0.001 -17"><span class='ocrx_word' id='word_1_137' title='bbox 106 1821 193 1883; x_wconf 82' lang='lat' dir='ltr'><strong>diieec</strong></span> <span class='ocrx_word' id='word_1_138' title='bbox 207 1819 365 1882; x_wconf 85' lang='lat' dir='ltr'><strong>indubium</strong></span> <span class='ocrx_word' id='word_1_139' title='bbox 381 1831 433 1881; x_wconf 81' lang='lat' dir='ltr'><strong>cet.</strong></span> <span class='ocrx_word' id='word_1_140' title='bbox 476 1819 565 1894; x_wconf 88' lang='lat' dir='ltr'><strong>Quod</strong></span> <span class='ocrx_word' id='word_1_141' title='bbox 582 1820 675 1899; x_wconf 88' lang='lat' dir='ltr'><strong>igitur</strong></span> <span class='ocrx_word' id='word_1_142' title='bbox 688 1819 790 1879; x_wconf 84' lang='lat' dir='ltr'><strong>llartii</strong></span> <span class='ocrx_word' id='word_1_143' title='bbox 806 1819 884 1881; x_wconf 88' lang='lat' dir='ltr'><strong>diem</strong></span> <span class='ocrx_word' id='word_1_144' title='bbox 897 1821 949 1887; x_wconf 77' lang='lat'><strong>25.</strong></span> <span class='ocrx_word' id='word_1_145' title='bbox 966 1821 1057 1881; x_wconf 76' lang='lat' dir='ltr'><strong>Nicon</strong></span> <span class='ocrx_word' id='word_1_146' title='bbox 1069 1822 1194 1881; x_wconf 88' lang='lat' dir='ltr'><strong>novilu-</strong></span> 
     </span>
     <span class='ocr_line' id='line_1_18' title="bbox 106 1903 1195 1988; baseline 0 -21"><span class='ocrx_word' id='word_1_147' title='bbox 106 1908 186 1968; x_wconf 87' lang='lat' dir='ltr'><strong>nium</strong></span> <span class='ocrx_word' id='word_1_148' title='bbox 194 1907 229 1967; x_wconf 90' lang='lat' dir='ltr'><strong>in</strong></span> <span class='ocrx_word' id='word_1_149' title='bbox 237 1916 307 1966; x_wconf 89' lang='lat' dir='ltr'><strong>ortu</strong></span> <span class='ocrx_word' id='word_1_150' title='bbox 320 1926 375 1967; x_wconf 85' lang='lat' dir='ltr'><strong>euo</strong></span> <span class='ocrx_word' id='word_1_151' title='bbox 391 1904 502 1967; x_wconf 81' lang='lat' dir='ltr'><strong>viderit</strong></span> <span class='ocrx_word' id='word_1_152' title='bbox 514 1908 720 1982; x_wconf 85' lang='lat' dir='ltr'><strong>coniunctum,</strong></span> <span class='ocrx_word' id='word_1_153' title='bbox 732 1905 812 1966; x_wconf 82' lang='lat' dir='ltr'><strong>illud</strong></span> <span class='ocrx_word' id='word_1_154' title='bbox 826 1903 925 1965; x_wconf 87' lang='lat' dir='ltr'><strong>eadem</strong></span> <span class='ocrx_word' id='word_1_155' title='bbox 939 1925 1055 1988; x_wconf 78' lang='lat' dir='ltr'><strong>temper</strong></span> <span class='ocrx_word' id='word_1_156' title='bbox 1065 1905 1195 1967; x_wconf 87' lang='lat' dir='ltr'><strong>atationc</strong></span> 
     </span>
     <span class='ocr_line' id='line_1_19' title="bbox 106 1989 734 2071; baseline -0.006 -17"><span class='ocrx_word' id='word_1_157' title='bbox 106 1991 196 2054; x_wconf 75' lang='lat' dir='ltr'><strong>trum</strong></span> <span class='ocrx_word' id='word_1_158' title='bbox 211 2010 368 2071; x_wconf 80' lang='lat' dir='ltr'><strong>perparum</strong></span> <span class='ocrx_word' id='word_1_159' title='bbox 387 1989 553 2049; x_wconf 80' lang='lat' dir='ltr'><strong>aeetirnovit</strong></span> <span class='ocrx_word' id='word_1_160' title='bbox 567 1991 734 2071; x_wconf 78' lang='lat' dir='ltr'><strong>Syncellue.</strong></span> 
     </span>
    </p>

    <p class='ocr_par' dir='ltr' id='par_1_7' title="bbox 104 2067 1195 2411">
     <span class='ocr_line' id='line_1_20' title="bbox 184 2067 1194 2156; baseline -0.001 -19"><span class='ocrx_word' id='word_1_161' title='bbox 184 2077 253 2153; x_wconf 77' lang='lat' dir='ltr'><strong>Peg.</strong></span> <span class='ocrx_word' id='word_1_162' title='bbox 275 2077 347 2142; x_wconf 74' lang='lat'><strong>826.</strong></span> <span class='ocrx_word' id='word_1_163' title='bbox 366 2067 434 2136; x_wconf 74' lang='grc' dir='ltr'><strong>Ἐπὶ</strong></span> <span class='ocrx_word' id='word_1_164' title='bbox 456 2070 513 2156; x_wconf 81' lang='lat' dir='ltr'><strong>yaip</strong></span> <span class='ocrx_word' id='word_1_165' title='bbox 535 2071 569 2138; x_wconf 84' lang='grc' dir='ltr'>τὸ</span> <span class='ocrx_word' id='word_1_166' title='bbox 592 2069 627 2136; x_wconf 86' lang='lat' dir='ltr'><strong>e&#39;.</strong></span> <span class='ocrx_word' id='word_1_167' title='bbox 648 2073 735 2155; x_wconf 65' lang='lat' dir='ltr'><strong>iton]</strong></span> <span class='ocrx_word' id='word_1_168' title='bbox 766 2072 849 2147; x_wconf 76' lang='lat' dir='ltr'><strong>Quae</strong></span> <span class='ocrx_word' id='word_1_169' title='bbox 862 2083 1028 2152; x_wconf 88' lang='lat' dir='ltr'><strong>eequuntur</strong></span> <span class='ocrx_word' id='word_1_170' title='bbox 1040 2074 1194 2153; x_wconf 68' lang='lat' dir='ltr'><strong>insigniter</strong></span> 
     </span>
     <span class='ocr_line' id='line_1_21' title="bbox 106 2158 1195 2241; baseline -0.002 -20"><span class='ocrx_word' id='word_1_171' title='bbox 106 2160 265 2241; x_wconf 77' lang='lat' dir='ltr'><strong>‹leproceta</strong></span> <span class='ocrx_word' id='word_1_172' title='bbox 280 2166 365 2236; x_wconf 82' lang='lat' dir='ltr'><strong>eunt,</strong></span> <span class='ocrx_word' id='word_1_173' title='bbox 384 2158 487 2219; x_wconf 83' lang='lat' dir='ltr'><strong>ecn&#39;bit</strong></span> <span class='ocrx_word' id='word_1_174' title='bbox 501 2160 656 2236; x_wconf 78' lang='lat' dir='ltr'><strong>Peteriua,</strong></span> <span class='ocrx_word' id='word_1_175' title='bbox 675 2178 772 2238; x_wconf 82' lang='lat' dir='ltr'><strong>nequo</strong></span> <span class='ocrx_word' id='word_1_176' title='bbox 785 2158 829 2218; x_wconf 81' lang='lat' dir='ltr'><strong>vie</strong></span> <span class='ocrx_word' id='word_1_177' title='bbox 842 2159 1113 2236; x_wconf 80' lang='lat' dir='ltr'><strong>orgumentrtionie‚</strong></span> <span class='ocrx_word' id='word_1_178' title='bbox 1135 2180 1195 2239; x_wconf 84' lang='lat' dir='ltr'><strong>que</strong></span> 
     </span>
     <span class='ocr_line' id='line_1_22' title="bbox 104 2243 1195 2325; baseline -0.001 -19"><span class='ocrx_word' id='word_1_179' title='bbox 104 2246 293 2308; x_wconf 80' lang='lat' dir='ltr'><strong>l&#39;enodorum</strong></span> <span class='ocrx_word' id='word_1_180' title='bbox 306 2243 462 2323; x_wconf 80' lang='lat' dir='ltr'><strong>syncellue</strong></span> <span class='ocrx_word' id='word_1_181' title='bbox 474 2256 627 2325; x_wconf 78' lang='lat' dir='ltr'><strong>oppugnat</strong></span> <span class='ocrx_word' id='word_1_182' title='bbox 641 2243 896 2308; x_wconf 82' lang='lat' dir='ltr'><strong>animadvertitur.</strong></span> <span class='ocrx_word' id='word_1_183' title='bbox 931 2243 1195 2306; x_wconf 76' lang='lat' dir='ltr'><strong>Emendationilrue</strong></span> 
     </span>
     <span class='ocr_line' id='line_1_23' title="bbox 105 2326 1195 2411; baseline 0 -23"><span class='ocrx_word' id='word_1_184' title='bbox 105 2331 141 2390; x_wconf 78' lang='lat' dir='ltr'><strong>ud</strong></span> <span class='ocrx_word' id='word_1_185' title='bbox 154 2328 317 2409; x_wconf 86' lang='lat' dir='ltr'><strong>marginem</strong></span> <span class='ocrx_word' id='word_1_186' title='bbox 331 2328 455 2389; x_wconf 80' lang='lat' dir='ltr'><strong>odiectir</strong></span> <span class='ocrx_word' id='word_1_187' title='bbox 471 2330 544 2388; x_wconf 82' lang='lat' dir='ltr'><strong>vitia</strong></span> <span class='ocrx_word' id='word_1_188' title='bbox 559 2338 660 2411; x_wconf 86' lang='lat' dir='ltr'><strong>petere</strong></span> <span class='ocrx_word' id='word_1_189' title='bbox 674 2331 781 2389; x_wconf 80' lang='lat' dir='ltr'><strong>fateor:</strong></span> <span class='ocrx_word' id='word_1_190' title='bbox 804 2326 946 2389; x_wconf 71' lang='lat' dir='ltr'><strong>elutherii</strong></span> <span class='ocrx_word' id='word_1_191' title='bbox 962 2331 1195 2407; x_wconf 75' lang='lat' dir='ltr'><strong>argumentatio-</strong></span> 
     </span>
    </p>
   </div>
   <div class='ocr_carea' id='block_1_4' title="bbox 104 2412 1303 2496">
    <p class='ocr_par' dir='ltr' id='par_1_8' title="bbox 104 2412 1303 2496">
     <span class='ocr_line' id='line_1_24' title="bbox 104 2412 1303 2496; baseline -0.001 -21"><span class='ocrx_word' id='word_1_192' title='bbox 104 2434 169 2475; x_wconf 90' lang='lat' dir='ltr'><strong>uem</strong></span> <span class='ocrx_word' id='word_1_193' title='bbox 184 2415 251 2496; x_wconf 75' lang='lat' dir='ltr'><strong>ipre</strong></span> <span class='ocrx_word' id='word_1_194' title='bbox 268 2414 406 2474; x_wconf 82' lang='lat' dir='ltr'><strong>Petrviur</strong></span> <span class='ocrx_word' id='word_1_195' title='bbox 419 2413 547 2495; x_wconf 87' lang='lat' dir='ltr'><strong>plurima</strong></span> <span class='ocrx_word' id='word_1_196' title='bbox 563 2433 601 2474; x_wconf 83' lang='lat' dir='ltr'><strong>ex</strong></span> <span class='ocrx_word' id='word_1_197' title='bbox 614 2422 700 2496; x_wconf 89' lang='lat' dir='ltr'><strong>parte</strong></span> <span class='ocrx_word' id='word_1_198' title='bbox 715 2412 856 2495; x_wconf 79' lang='lat' dir='ltr'><strong>explicet,</strong></span> <span class='ocrx_word' id='word_1_199' title='bbox 878 2432 947 2492; x_wconf 84' lang='lat' dir='ltr'><strong>pere</strong></span> <span class='ocrx_word' id='word_1_200' title='bbox 961 2414 1055 2475; x_wconf 82' lang='lat' dir='ltr'><strong>ultore</strong></span> <span class='ocrx_word' id='word_1_201' title='bbox 1069 2435 1106 2474; x_wconf 84' lang='lat' dir='ltr'><strong>ex</strong></span> <span class='ocrx_word' id='word_1_202' title='bbox 1121 2415 1195 2474; x_wconf 85' lang='lat' dir='ltr'><strong>rub·</strong></span> <span class='ocrx_word' id='word_1_203' title='bbox 1299 2486 1303 2495; x_wconf 91' lang='lat'>.</span> 
     </span>
    </p>
   </div>
   <div class='ocr_carea' id='block_1_5' title="bbox 102 2497 1201 4437">
    <p class='ocr_par' dir='ltr' id='par_1_9' title="bbox 102 2497 1201 4437">
     <span class='ocr_line' id='line_1_25' title="bbox 104 2497 1195 2580; baseline -0.001 -21"><span class='ocrx_word' id='word_1_204' title='bbox 104 2497 214 2560; x_wconf 75' lang='lat' dir='ltr'><strong>iunctio</strong></span> <span class='ocrx_word' id='word_1_205' title='bbox 232 2507 304 2558; x_wconf 86' lang='lat' dir='ltr'><strong>nota</strong></span> <span class='ocrx_word' id='word_1_206' title='bbox 323 2498 384 2559; x_wconf 83' lang='lat' dir='ltr'><strong>fiet.</strong></span> <span class='ocrx_word' id='word_1_207' title='bbox 426 2498 494 2558; x_wconf 87' lang='lat' dir='ltr'><strong>ldeo</strong></span> <span class='ocrx_word' id='word_1_208' title='bbox 519 2509 633 2579; x_wconf 83' lang='lat' dir='ltr'><strong>reptem</strong></span> <span class='ocrx_word' id='word_1_209' title='bbox 653 2498 740 2559; x_wconf 86' lang='lat' dir='ltr'><strong>anuie</strong></span> <span class='ocrx_word' id='word_1_210' title='bbox 761 2499 849 2580; x_wconf 84' lang='lat' dir='ltr'><strong>(quae</strong></span> <span class='ocrx_word' id='word_1_211' title='bbox 869 2507 915 2558; x_wconf 85' lang='lat' dir='ltr'><strong>eet</strong></span> <span class='ocrx_word' id='word_1_212' title='bbox 934 2499 1195 2578; x_wconf 71' lang='lat' dir='ltr'><strong>argumentationi·</strong></span> 
     </span>
     <span class='ocr_line' id='line_1_26' title="bbox 104 2581 1195 2666; baseline -0.003 -21"><span class='ocrx_word' id='word_1_213' title='bbox 104 2603 217 2645; x_wconf 87' lang='lat' dir='ltr'><strong>eumma</strong></span> <span class='ocrx_word' id='word_1_214' title='bbox 235 2603 254 2642; x_wconf 81' lang='grc' dir='ltr'>ι</span> <span class='ocrx_word' id='word_1_215' title='bbox 268 2583 390 2643; x_wconf 84' lang='lat' dir='ltr'><strong>Petavio</strong></span> <span class='ocrx_word' id='word_1_216' title='bbox 413 2581 559 2666; x_wconf 79' lang='lat' dir='ltr'><strong>coniecta)</strong></span> <span class='ocrx_word' id='word_1_217' title='bbox 580 2583 681 2644; x_wconf 81' lang='lat' dir='ltr'><strong>minue</strong></span> <span class='ocrx_word' id='word_1_218' title='bbox 698 2593 817 2663; x_wconf 76' lang='lat' dir='ltr'><strong>putarer</strong></span> <span class='ocrx_word' id='word_1_219' title='bbox 838 2582 1028 2644; x_wconf 81' lang='lat' dir='ltr'><strong>Punodoruur</strong></span> <span class='ocrx_word' id='word_1_220' title='bbox 1050 2583 1195 2662; x_wconf 71' lang='lat' dir='ltr'><strong>Georgius</strong></span> 
     </span>
     <span class='ocr_line' id='line_1_27' title="bbox 106 2666 1195 2747; baseline -0.002 -20"><span class='ocrx_word' id='word_1_221' title='bbox 106 2669 237 2741; x_wconf 84' lang='lat' dir='ltr'><strong>cerruit,</strong></span> <span class='ocrx_word' id='word_1_222' title='bbox 261 2666 427 2747; x_wconf 84' lang='lat' dir='ltr'><strong>quodcum</strong></span> <span class='ocrx_word' id='word_1_223' title='bbox 446 2688 525 2729; x_wconf 88' lang='lat' dir='ltr'><strong>anno</strong></span> <span class='ocrx_word' id='word_1_224' title='bbox 544 2667 650 2729; x_wconf 84' lang='lat' dir='ltr'><strong>mundi</strong></span> <span class='ocrx_word' id='word_1_225' title='bbox 668 2668 762 2735; x_wconf 79' lang='lat'>6458.</span> <span class='ocrx_word' id='word_1_226' title='bbox 784 2668 936 2745; x_wconf 74' lang='lat' dir='ltr'><strong>Augustus</strong></span> <span class='ocrx_word' id='word_1_227' title='bbox 956 2668 1102 2747; x_wconf 85' lang='lat' dir='ltr'><strong>imperare</strong></span> <span class='ocrx_word' id='word_1_228' title='bbox 1123 2687 1195 2726; x_wconf 83' lang='lat' dir='ltr'><strong>coe·</strong></span> 
     </span>
     <span class='ocr_line' id='line_1_28' title="bbox 103 2750 1196 2835; baseline -0.003 -22"><span class='ocrx_word' id='word_1_229' title='bbox 103 2754 196 2835; x_wconf 81' lang='lat' dir='ltr'><strong>perit,</strong></span> <span class='ocrx_word' id='word_1_230' title='bbox 220 2752 396 2813; x_wconf 78' lang='lat' dir='ltr'><strong>Panoalorue</strong></span> <span class='ocrx_word' id='word_1_231' title='bbox 416 2753 508 2819; x_wconf 74' lang='grc'><strong>6461.</strong></span> <span class='ocrx_word' id='word_1_232' title='bbox 527 2755 736 2812; x_wconf 70' lang='lat' dir='ltr'><strong>tantummodo</strong></span> <span class='ocrx_word' id='word_1_233' title='bbox 753 2750 903 2831; x_wconf 75' lang='lat' dir='ltr'><strong>potuerit,</strong></span> <span class='ocrx_word' id='word_1_234' title='bbox 922 2750 1196 2811; x_wconf 79' lang='lat' dir='ltr'><strong>llrthemuticorurn</strong></span> 
     </span>
     <span class='ocr_line' id='line_1_29' title="bbox 105 2834 1196 2917; baseline -0.004 -19"><span class='ocrx_word' id='word_1_235' title='bbox 105 2836 256 2898; x_wconf 83' lang='lat' dir='ltr'><strong>calculum</strong></span> <span class='ocrx_word' id='word_1_236' title='bbox 273 2847 423 2914; x_wconf 69' lang='lat' dir='ltr'><strong>sequutus.</strong></span> <span class='ocrx_word' id='word_1_237' title='bbox 465 2836 580 2910; x_wconf 82' lang='lat' dir='ltr'><strong>Quibue</strong></span> <span class='ocrx_word' id='word_1_238' title='bbox 597 2835 712 2896; x_wconf 88' lang='lat' dir='ltr'><strong>erudite</strong></span> <span class='ocrx_word' id='word_1_239' title='bbox 727 2843 757 2894; x_wconf 91' lang='lat' dir='ltr'><strong>et</strong></span> <span class='ocrx_word' id='word_1_240' title='bbox 767 2834 916 2895; x_wconf 69' lang='lat' dir='ltr'><strong>subtiliter</strong></span> <span class='ocrx_word' id='word_1_241' title='bbox 934 2835 1083 2897; x_wconf 79' lang='lat' dir='ltr'><strong>ol’etrvio</strong></span> <span class='ocrx_word' id='word_1_242' title='bbox 1097 2855 1196 2917; x_wconf 82' lang='lat' dir='ltr'><strong>expo-</strong></span> 
     </span>
     <span class='ocr_line' id='line_1_30' title="bbox 103 2918 1196 3000; baseline -0.002 -18"><span class='ocrx_word' id='word_1_243' title='bbox 103 2919 167 2982; x_wconf 80' lang='lat' dir='ltr'><strong>titio</strong></span> <span class='ocrx_word' id='word_1_244' title='bbox 180 2940 220 2980; x_wconf 85' lang='lat' dir='ltr'><strong>ex</strong></span> <span class='ocrx_word' id='word_1_245' title='bbox 241 2919 360 2998; x_wconf 76' lang='lat' dir='ltr'><strong>Georgii</strong></span> <span class='ocrx_word' id='word_1_246' title='bbox 379 2918 500 2999; x_wconf 87' lang='lat' dir='ltr'><strong>acriptia</strong></span> <span class='ocrx_word' id='word_1_247' title='bbox 520 2920 691 2980; x_wconf 74' lang='lat' dir='ltr'><strong>illudente</strong></span> <span class='ocrx_word' id='word_1_248' title='bbox 709 2919 899 2980; x_wconf 83' lang='lat' dir='ltr'><strong>obeervatum</strong></span> <span class='ocrx_word' id='word_1_249' title='bbox 914 2920 1077 3000; x_wconf 83' lang='lat' dir='ltr'><strong>eubiungo:</strong></span> <span class='ocrx_word' id='word_1_250' title='bbox 1098 2921 1196 2981; x_wconf 81' lang='lat' dir='ltr'><strong>levem</strong></span> 
     </span>
     <span class='ocr_line' id='line_1_31' title="bbox 102 3001 1196 3086; baseline -0.002 -20"><span class='ocrx_word' id='word_1_251' title='bbox 102 3004 161 3066; x_wconf 86' lang='lat' dir='ltr'><strong>imo</strong></span> <span class='ocrx_word' id='word_1_252' title='bbox 181 3001 300 3066; x_wconf 79' lang='lat' dir='ltr'><strong>nullum</strong></span> <span class='ocrx_word' id='word_1_253' title='bbox 323 3003 525 3065; x_wconf 74' lang='lat' dir='ltr'><strong>Autronomici</strong></span> <span class='ocrx_word' id='word_1_254' title='bbox 543 3004 671 3066; x_wconf 84' lang='lat' dir='ltr'><strong>Ganouie</strong></span> <span class='ocrx_word' id='word_1_255' title='bbox 692 3024 783 3086; x_wconf 84' lang='lat' dir='ltr'><strong>penee</strong></span> <span class='ocrx_word' id='word_1_256' title='bbox 807 3004 966 3082; x_wconf 85' lang='lat' dir='ltr'><strong>Georgium</strong></span> <span class='ocrx_word' id='word_1_257' title='bbox 986 3004 1196 3066; x_wconf 78' lang='lat' dir='ltr'><strong>authoritatem</strong></span> 
     </span>
     <span class='ocr_line' id='line_1_32' title="bbox 103 3086 1195 3171; baseline -0.001 -21"><span class='ocrx_word' id='word_1_258' title='bbox 103 3092 245 3165; x_wconf 78' lang='lat' dir='ltr'><strong>exirtere,</strong></span> <span class='ocrx_word' id='word_1_259' title='bbox 274 3087 327 3169; x_wconf 78' lang='lat' dir='ltr'><strong>qui</strong></span> <span class='ocrx_word' id='word_1_260' title='bbox 346 3089 588 3151; x_wconf 68' lang='lat' dir='ltr'><strong>Ecclesiasticum</strong></span> <span class='ocrx_word' id='word_1_261' title='bbox 608 3109 698 3171; x_wconf 84' lang='lat' dir='ltr'><strong>quam</strong></span> <span class='ocrx_word' id='word_1_262' title='bbox 720 3086 849 3150; x_wconf 80' lang='lat' dir='ltr'><strong>maximo</strong></span> <span class='ocrx_word' id='word_1_263' title='bbox 875 3089 983 3167; x_wconf 81' lang='lat' dir='ltr'><strong>probet</strong></span> <span class='ocrx_word' id='word_1_264' title='bbox 1003 3100 1034 3148; x_wconf 88' lang='lat' dir='ltr'><strong>et</strong></span> <span class='ocrx_word' id='word_1_265' title='bbox 1054 3090 1195 3168; x_wconf 77' lang='lat' dir='ltr'><strong>requitur.</strong></span> 
     </span>
     <span class='ocr_line' id='line_1_33' title="bbox 102 3172 1197 3251; baseline -0.002 -17"><span class='ocrx_word' id='word_1_266' title='bbox 102 3172 347 3235; x_wconf 71' lang='lat' dir='ltr'><strong>Artronomicum</strong></span> <span class='ocrx_word' id='word_1_267' title='bbox 367 3184 467 3234; x_wconf 90' lang='lat' dir='ltr'><strong>autem</strong></span> <span class='ocrx_word' id='word_1_268' title='bbox 485 3185 517 3235; x_wconf 90' lang='lat' dir='ltr'><strong>et</strong></span> <span class='ocrx_word' id='word_1_269' title='bbox 536 3174 779 3237; x_wconf 82' lang='lat' dir='ltr'><strong>Eccleeireticum</strong></span> <span class='ocrx_word' id='word_1_270' title='bbox 802 3174 948 3231; x_wconf 86' lang='lat' dir='ltr'><strong>Ganonem</strong></span> <span class='ocrx_word' id='word_1_271' title='bbox 964 3192 980 3228; x_wconf 83' lang='lat' dir='ltr'><strong>o</strong></span> <span class='ocrx_word' id='word_1_272' title='bbox 996 3173 1122 3251; x_wconf 89' lang='lat' dir='ltr'><strong>Georgio</strong></span> <span class='ocrx_word' id='word_1_273' title='bbox 1138 3172 1197 3233; x_wconf 83' lang='lat' dir='ltr'><strong>alu·</strong></span> 
     </span>
     <span class='ocr_line' id='line_1_34' title="bbox 103 3255 1197 3339; baseline 0.001 -22"><span class='ocrx_word' id='word_1_274' title='bbox 103 3258 211 3339; x_wconf 80' lang='lat' dir='ltr'><strong>plicern</strong></span> <span class='ocrx_word' id='word_1_275' title='bbox 240 3257 402 3334; x_wconf 68' lang='lat' dir='ltr'><strong>croignon,</strong></span> <span class='ocrx_word' id='word_1_276' title='bbox 429 3267 461 3318; x_wconf 90' lang='lat' dir='ltr'><strong>et</strong></span> <span class='ocrx_word' id='word_1_277' title='bbox 485 3276 580 3319; x_wconf 88' lang='lat' dir='ltr'><strong>unum</strong></span> <span class='ocrx_word' id='word_1_278' title='bbox 601 3257 689 3318; x_wconf 88' lang='lat' dir='ltr'><strong>alteri</strong></span> <span class='ocrx_word' id='word_1_279' title='bbox 711 3256 899 3337; x_wconf 68' lang='lat' dir='ltr'><strong>suppositum</strong></span> <span class='ocrx_word' id='word_1_280' title='bbox 919 3255 1022 3316; x_wconf 80' lang='lat' dir='ltr'><strong>heberi</strong></span> <span class='ocrx_word' id='word_1_281' title='bbox 1044 3276 1083 3317; x_wconf 81' lang='lat' dir='ltr'><strong>ex</strong></span> <span class='ocrx_word' id='word_1_282' title='bbox 1102 3257 1197 3337; x_wconf 82' lang='lat' dir='ltr'><strong>ipeiue</strong></span> 
     </span>
     <span class='ocr_line' id='line_1_35' title="bbox 103 3338 1197 3421; baseline -0.005 -16"><span class='ocrx_word' id='word_1_283' title='bbox 103 3341 202 3405; x_wconf 70' lang='lat' dir='ltr'><strong>verbio</strong></span> <span class='ocrx_word' id='word_1_284' title='bbox 216 3338 357 3401; x_wconf 87' lang='lat' dir='ltr'><strong>coniicio.</strong></span> <span class='ocrx_word' id='word_1_285' title='bbox 397 3340 514 3400; x_wconf 83' lang='lat' dir='ltr'><strong>Primua</strong></span> <span class='ocrx_word' id='word_1_286' title='bbox 527 3363 543 3400; x_wconf 82' lang='lat' dir='ltr'><strong>o</strong></span> <span class='ocrx_word' id='word_1_287' title='bbox 558 3341 741 3401; x_wconf 82' lang='lat' dir='ltr'><strong>Nobonaeeri</strong></span> <span class='ocrx_word' id='word_1_288' title='bbox 755 3339 868 3421; x_wconf 84' lang='lat' dir='ltr'><strong>epoche</strong></span> <span class='ocrx_word' id='word_1_289' title='bbox 881 3361 973 3401; x_wconf 88' lang='lat' dir='ltr'><strong>onnoe</strong></span> <span class='ocrx_word' id='word_1_290' title='bbox 987 3340 1060 3409; x_wconf 69' lang='grc'><strong>424.</strong></span> <span class='ocrx_word' id='word_1_291' title='bbox 1077 3341 1115 3402; x_wconf 85' lang='lat' dir='ltr'><strong>ad</strong></span> <span class='ocrx_word' id='word_1_292' title='bbox 1130 3342 1197 3401; x_wconf 81' lang='lat' dir='ltr'><strong>Ale.</strong></span> 
     </span>
     <span class='ocr_line' id='line_1_36' title="bbox 103 3423 1197 3506; baseline 0.003 -22"><span class='ocrx_word' id='word_1_293' title='bbox 103 3425 213 3489; x_wconf 74' lang='lat' dir='ltr'><strong>nndri</strong></span> <span class='ocrx_word' id='word_1_294' title='bbox 226 3423 342 3485; x_wconf 90' lang='lat' dir='ltr'><strong>obitum</strong></span> <span class='ocrx_word' id='word_1_295' title='bbox 359 3424 494 3503; x_wconf 84' lang='lat' dir='ltr'><strong>exponit.</strong></span> <span class='ocrx_word' id='word_1_296' title='bbox 534 3425 667 3486; x_wconf 81' lang='lat' dir='ltr'><strong>liabetur</strong></span> <span class='ocrx_word' id='word_1_297' title='bbox 682 3445 750 3486; x_wconf 88' lang='lat' dir='ltr'><strong>cum</strong></span> <span class='ocrx_word' id='word_1_298' title='bbox 766 3424 971 3486; x_wconf 82' lang='lat' dir='ltr'><strong>Eccleeioatico</strong></span> <span class='ocrx_word' id='word_1_299' title='bbox 983 3446 1050 3506; x_wconf 85' lang='lat' dir='ltr'><strong>pag.</strong></span> <span class='ocrx_word' id='word_1_300' title='bbox 1068 3429 1141 3495; x_wconf 77' lang='lat'><strong>208.</strong></span> <span class='ocrx_word' id='word_1_301' title='bbox 1158 3426 1197 3487; x_wconf 86' lang='lat' dir='ltr'><strong>de</strong></span> 
     </span>
     <span class='ocr_line' id='line_1_37' title="bbox 103 3506 1201 3592; baseline -0.002 -19"><span class='ocrx_word' id='word_1_302' title='bbox 103 3523 232 3592; x_wconf 85' lang='lat' dir='ltr'><strong>utroque</strong></span> <span class='ocrx_word' id='word_1_303' title='bbox 244 3507 357 3569; x_wconf 88' lang='lat' dir='ltr'><strong>mentio</strong></span> <span class='ocrx_word' id='word_1_304' title='bbox 368 3506 404 3567; x_wconf 79' lang='lat' dir='ltr'><strong>tir</strong></span> <span class='ocrx_word' id='word_1_305' title='bbox 419 3509 516 3590; x_wconf 83' lang='lat' dir='ltr'><strong>pagio.</strong></span> <span class='ocrx_word' id='word_1_306' title='bbox 537 3513 610 3578; x_wconf 78' lang='lat'><strong>207.</strong></span> <span class='ocrx_word' id='word_1_307' title='bbox 630 3510 662 3569; x_wconf 86' lang='lat' dir='ltr'><strong>C.</strong></span> <span class='ocrx_word' id='word_1_308' title='bbox 685 3514 758 3577; x_wconf 78' lang='lat'><strong>226.</strong></span> <span class='ocrx_word' id='word_1_309' title='bbox 779 3510 814 3570; x_wconf 89' lang='lat' dir='ltr'><strong>l).</strong></span> <span class='ocrx_word' id='word_1_310' title='bbox 834 3514 906 3579; x_wconf 81' lang='lat'><strong>231.</strong></span> <span class='ocrx_word' id='word_1_311' title='bbox 926 3511 959 3571; x_wconf 87' lang='lat' dir='ltr'><strong>C.</strong></span> <span class='ocrx_word' id='word_1_312' title='bbox 981 3521 1010 3570; x_wconf 88' lang='lat' dir='ltr'><strong>et</strong></span> <span class='ocrx_word' id='word_1_313' title='bbox 1028 3511 1109 3576; x_wconf 84' lang='lat' dir='ltr'><strong>olibi.</strong></span> <span class='ocrx_word' id='word_1_314' title='bbox 1134 3510 1201 3571; x_wconf 76' lang='lat' dir='ltr'><strong>At-</strong></span> 
     </span>
     <span class='ocr_line' id='line_1_38' title="bbox 103 3594 1193 3675; baseline -0.005 -16"><span class='ocrx_word' id='word_1_315' title='bbox 103 3605 149 3658; x_wconf 90' lang='lat' dir='ltr'><strong>ter</strong></span> <span class='ocrx_word' id='word_1_316' title='bbox 159 3595 399 3658; x_wconf 81' lang='lat' dir='ltr'><strong>Ptolemaeorum</strong></span> <span class='ocrx_word' id='word_1_317' title='bbox 416 3603 551 3675; x_wconf 81' lang='lat' dir='ltr'><strong>tempore</strong></span> <span class='ocrx_word' id='word_1_318' title='bbox 564 3594 604 3655; x_wconf 80' lang='lat' dir='ltr'><strong>ml</strong></span> <span class='ocrx_word' id='word_1_319' title='bbox 616 3595 782 3674; x_wconf 72' lang='lat' dir='ltr'><strong>Augustum</strong></span> <span class='ocrx_word' id='word_1_320' title='bbox 801 3595 941 3673; x_wconf 83' lang='lat' dir='ltr'><strong>deducit,</strong></span> <span class='ocrx_word' id='word_1_321' title='bbox 961 3604 992 3656; x_wconf 87' lang='lat' dir='ltr'><strong>et</strong></span> <span class='ocrx_word' id='word_1_322' title='bbox 1006 3595 1042 3655; x_wconf 85' lang='lat' dir='ltr'><strong>ob</strong></span> <span class='ocrx_word' id='word_1_323' title='bbox 1060 3596 1193 3673; x_wconf 73' lang='lat' dir='ltr'><strong>Augusto</strong></span> 
     </span>
     <span class='ocr_line' id='line_1_39' title="bbox 103 3676 1192 3763; baseline 0.001 -21"><span class='ocrx_word' id='word_1_324' title='bbox 103 3680 245 3763; x_wconf 71' lang='lat' dir='ltr'><strong>deincep·</strong></span> <span class='ocrx_word' id='word_1_325' title='bbox 258 3676 465 3759; x_wconf 70' lang='lat' dir='ltr'><strong>prosequitur:</strong></span> <span class='ocrx_word' id='word_1_326' title='bbox 485 3678 572 3760; x_wconf 74' lang='lat' dir='ltr'><strong>iique</strong></span> <span class='ocrx_word' id='word_1_327' title='bbox 583 3690 644 3758; x_wconf 83' lang='lat' dir='ltr'><strong>eet,</strong></span> <span class='ocrx_word' id='word_1_328' title='bbox 664 3680 702 3740; x_wconf 88' lang='lat' dir='ltr'><strong>de</strong></span> <span class='ocrx_word' id='word_1_329' title='bbox 723 3699 781 3760; x_wconf 83' lang='lat' dir='ltr'><strong>quo</strong></span> <span class='ocrx_word' id='word_1_330' title='bbox 791 3681 929 3749; x_wconf 74' lang='lat' dir='ltr'><strong>Petuvim</strong></span> <span class='ocrx_word' id='word_1_331' title='bbox 946 3679 1061 3741; x_wconf 76' lang='lat' dir='ltr'><strong>variar.</strong></span> <span class='ocrx_word' id='word_1_332' title='bbox 1075 3680 1192 3743; x_wconf 66' lang='lat' dir='ltr'><strong>dissert.</strong></span> 
     </span>
     <span class='ocr_line' id='line_1_40' title="bbox 103 3759 1194 3847; baseline -0.01 -13"><span class='ocrx_word' id='word_1_333' title='bbox 103 3761 152 3828; x_wconf 65' lang='lat' dir='ltr'><strong>iffi·</strong></span> <span class='ocrx_word' id='word_1_334' title='bbox 172 3769 203 3833; x_wconf 82' lang='lat'><strong>8·</strong></span> <span class='ocrx_word' id='word_1_335' title='bbox 224 3785 258 3847; x_wconf 81' lang='lat' dir='ltr'><strong>p·</strong></span> <span class='ocrx_word' id='word_1_336' title='bbox 279 3765 353 3830; x_wconf 78' lang='grc'><strong>808.</strong></span> <span class='ocrx_word' id='word_1_337' title='bbox 393 3763 430 3823; x_wconf 86' lang='lat' dir='ltr'><strong>ln</strong></span> <span class='ocrx_word' id='word_1_338' title='bbox 450 3762 505 3826; x_wconf 83' lang='lat' dir='ltr'><strong>lib.</strong></span> <span class='ocrx_word' id='word_1_339' title='bbox 526 3766 692 3847; x_wconf 72' lang='grc' dir='ltr'><strong><em>προχείρων</em></strong></span> <span class='ocrx_word' id='word_1_340' title='bbox 708 3759 861 3836; x_wconf 73' lang='grc' dir='ltr'><strong><em>κανόνων,</em></strong></span> <span class='ocrx_word' id='word_1_341' title='bbox 881 3764 935 3844; x_wconf 90' lang='lat' dir='ltr'><strong>qui</strong></span> <span class='ocrx_word' id='word_1_342' title='bbox 953 3764 1070 3824; x_wconf 77' lang='lat' dir='ltr'><strong>tubulra</strong></span> <span class='ocrx_word' id='word_1_343' title='bbox 1085 3764 1194 3825; x_wconf 76' lang='lat' dir='ltr'><strong>lotro-</strong></span> 
     </span>
     <span class='ocr_line' id='line_1_41' title="bbox 102 3847 1193 3930; baseline 0 -24"><span class='ocrx_word' id='word_1_344' title='bbox 102 3849 235 3909; x_wconf 78' lang='lat' dir='ltr'><strong>uomicm</strong></span> <span class='ocrx_word' id='word_1_345' title='bbox 256 3847 482 3930; x_wconf 83' lang='lat' dir='ltr'><strong>complectitur,</strong></span> <span class='ocrx_word' id='word_1_346' title='bbox 504 3847 604 3909; x_wconf 85' lang='lat' dir='ltr'><strong>Canon</strong></span> <span class='ocrx_word' id='word_1_347' title='bbox 625 3850 678 3910; x_wconf 88' lang='lat' dir='ltr'><strong>ille</strong></span> <span class='ocrx_word' id='word_1_348' title='bbox 692 3848 917 3910; x_wconf 78' lang='lat' dir='ltr'><strong>Aetronomiouo</strong></span> <span class='ocrx_word' id='word_1_349' title='bbox 931 3870 949 3908; x_wconf 91' lang='lat' dir='ltr'><strong>a</strong></span> <span class='ocrx_word' id='word_1_350' title='bbox 963 3847 1101 3927; x_wconf 82' lang='lat' dir='ltr'><strong>Philippo</strong></span> <span class='ocrx_word' id='word_1_351' title='bbox 1116 3847 1193 3909; x_wconf 79' lang='lat' dir='ltr'><strong>tri-</strong></span> 
     </span>
     <span class='ocr_line' id='line_1_42' title="bbox 103 3928 1191 4016; baseline 0.001 -26"><span class='ocrx_word' id='word_1_352' title='bbox 103 3928 176 3991; x_wconf 84' lang='lat' dir='ltr'><strong>tleeo</strong></span> <span class='ocrx_word' id='word_1_353' title='bbox 194 3932 324 4016; x_wconf 87' lang='lat' dir='ltr'><strong>incipit,</strong></span> <span class='ocrx_word' id='word_1_354' title='bbox 344 3932 429 3994; x_wconf 89' lang='lat' dir='ltr'><strong>utin</strong></span> <span class='ocrx_word' id='word_1_355' title='bbox 447 3932 530 3995; x_wconf 79' lang='lat' dir='ltr'><strong>MSS.</strong></span> <span class='ocrx_word' id='word_1_356' title='bbox 551 3933 702 3994; x_wconf 76' lang='lat' dir='ltr'><strong>codicibus</strong></span> <span class='ocrx_word' id='word_1_357' title='bbox 720 3943 857 4015; x_wconf 78' lang='lat' dir='ltr'><strong>apparet,</strong></span> <span class='ocrx_word' id='word_1_358' title='bbox 879 3933 932 4013; x_wconf 84' lang='lat' dir='ltr'><strong>qui</strong></span> <span class='ocrx_word' id='word_1_359' title='bbox 952 3931 1080 3993; x_wconf 78' lang='lat' dir='ltr'><strong>l&#39;lreonie</strong></span> <span class='ocrx_word' id='word_1_360' title='bbox 1101 3931 1191 3991; x_wconf 86' lang='lat' dir='ltr'><strong>Gom-</strong></span> 
     </span>
     <span class='ocr_line' id='line_1_43' title="bbox 102 4011 1192 4100; baseline 0.004 -26"><span class='ocrx_word' id='word_1_361' title='bbox 102 4016 266 4076; x_wconf 75' lang='lat' dir='ltr'><strong>neoterio·</strong></span> <span class='ocrx_word' id='word_1_362' title='bbox 289 4017 332 4091; x_wconf 72' lang='lat' dir='ltr'><strong>ele</strong></span> <span class='ocrx_word' id='word_1_363' title='bbox 351 4013 424 4094; x_wconf 71' lang='grc' dir='ltr'><strong>τούς</strong></span> <span class='ocrx_word' id='word_1_364' title='bbox 441 4019 617 4100; x_wconf 72' lang='grc' dir='ltr'><strong><em>προχείρους</em></strong></span> <span class='ocrx_word' id='word_1_365' title='bbox 637 4011 766 4092; x_wconf 75' lang='grc' dir='ltr'><strong><em>κανόνας</em></strong></span> <span class='ocrx_word' id='word_1_366' title='bbox 792 4016 940 4081; x_wconf 81' lang='lat' dir='ltr'><strong>exhibent</strong></span> <span class='ocrx_word' id='word_1_367' title='bbox 987 4016 1070 4077; x_wconf 86' lang='lat' dir='ltr'><strong>idem</strong></span> <span class='ocrx_word' id='word_1_368' title='bbox 1098 4016 1192 4096; x_wconf 89' lang='lat' dir='ltr'><strong>priori</strong></span> 
     </span>
     <span class='ocr_line' id='line_1_44' title="bbox 106 4097 1193 4183; baseline 0.003 -25"><span class='ocrx_word' id='word_1_369' title='bbox 106 4097 285 4158; x_wconf 72' lang='lat' dir='ltr'><strong>coniunctura</strong></span> <span class='ocrx_word' id='word_1_370' title='bbox 300 4109 355 4177; x_wconf 86' lang='lat' dir='ltr'><strong>eet,</strong></span> <span class='ocrx_word' id='word_1_371' title='bbox 368 4102 406 4164; x_wconf 87' lang='lat' dir='ltr'><strong>de</strong></span> <span class='ocrx_word' id='word_1_372' title='bbox 419 4122 480 4183; x_wconf 87' lang='lat' dir='ltr'><strong>quo</strong></span> <span class='ocrx_word' id='word_1_373' title='bbox 494 4101 633 4182; x_wconf 84' lang='lat' dir='ltr'><strong>euperiua</strong></span> <span class='ocrx_word' id='word_1_374' title='bbox 647 4103 747 4163; x_wconf 81' lang='lat' dir='ltr'><strong>lueret</strong></span> <span class='ocrx_word' id='word_1_375' title='bbox 758 4111 889 4163; x_wconf 79' lang='lat' dir='ltr'><strong>tertatue.</strong></span> <span class='ocrx_word' id='word_1_376' title='bbox 909 4101 979 4163; x_wconf 83' lang='lat' dir='ltr'><strong>Fuit</strong></span> <span class='ocrx_word' id='word_1_377' title='bbox 992 4099 1074 4181; x_wconf 73' lang='lat' dir='ltr'><strong>aputl</strong></span> <span class='ocrx_word' id='word_1_378' title='bbox 1086 4103 1193 4161; x_wconf 74' lang='lat' dir='ltr'><strong>Autro-</strong></span> 
     </span>
     <span class='ocr_line' id='line_1_45' title="bbox 103 4181 1192 4266; baseline 0.003 -23"><span class='ocrx_word' id='word_1_379' title='bbox 103 4201 212 4244; x_wconf 79' lang='lat' dir='ltr'><strong>uomor</strong></span> <span class='ocrx_word' id='word_1_380' title='bbox 229 4181 263 4240; x_wconf 93' lang='lat' dir='ltr'><strong>in</strong></span> <span class='ocrx_word' id='word_1_381' title='bbox 275 4200 334 4241; x_wconf 83' lang='lat' dir='ltr'><strong>uru</strong></span> <span class='ocrx_word' id='word_1_382' title='bbox 348 4185 450 4246; x_wconf 80' lang='lat' dir='ltr'><strong>Cenon</strong></span> <span class='ocrx_word' id='word_1_383' title='bbox 465 4189 602 4266; x_wconf 79' lang='lat' dir='ltr'><strong>quidam,</strong></span> <span class='ocrx_word' id='word_1_384' title='bbox 624 4185 687 4247; x_wconf 84' lang='lat' dir='ltr'><strong>eive</strong></span> <span class='ocrx_word' id='word_1_385' title='bbox 699 4187 875 4248; x_wconf 75' lang='lat' dir='ltr'><strong>intercutem</strong></span> <span class='ocrx_word' id='word_1_386' title='bbox 894 4206 1013 4265; x_wconf 83' lang='lat' dir='ltr'><strong>rogum,</strong></span> <span class='ocrx_word' id='word_1_387' title='bbox 1034 4185 1086 4264; x_wconf 92' lang='lat' dir='ltr'><strong>qui</strong></span> <span class='ocrx_word' id='word_1_388' title='bbox 1099 4208 1117 4246; x_wconf 83' lang='lat' dir='ltr'><strong>o</strong></span> <span class='ocrx_word' id='word_1_389' title='bbox 1128 4187 1192 4246; x_wconf 80' lang='lat' dir='ltr'><strong>Ne·</strong></span> 
     </span>
     <span class='ocr_line' id='line_1_46' title="bbox 103 4263 1192 4353; baseline 0.002 -24"><span class='ocrx_word' id='word_1_390' title='bbox 103 4266 253 4329; x_wconf 77' lang='lat' dir='ltr'><strong>tommo</strong></span> <span class='ocrx_word' id='word_1_391' title='bbox 267 4263 307 4325; x_wconf 80' lang='lat' dir='ltr'><strong>ecl</strong></span> <span class='ocrx_word' id='word_1_392' title='bbox 313 4266 496 4331; x_wconf 72' lang='lat' dir='ltr'><strong>Antoninum</strong></span> <span class='ocrx_word' id='word_1_393' title='bbox 505 4291 598 4352; x_wconf 74' lang='lat' dir='ltr'><strong>utque</strong></span> <span class='ocrx_word' id='word_1_394' title='bbox 611 4281 809 4353; x_wconf 75' lang='lat' dir='ltr'><strong>propageturt</strong></span> <span class='ocrx_word' id='word_1_395' title='bbox 823 4271 966 4332; x_wconf 87' lang='lat' dir='ltr'><strong>nimirum</strong></span> <span class='ocrx_word' id='word_1_396' title='bbox 980 4268 1020 4328; x_wconf 77' lang='lat' dir='ltr'><strong>etl</strong></span> <span class='ocrx_word' id='word_1_397' title='bbox 1033 4270 1192 4331; x_wconf 85' lang='lat' dir='ltr'><strong>Ptolernuoi</strong></span> 
     </span>
     <span class='ocr_line' id='line_1_47' title="bbox 104 4349 1191 4437; baseline 0.001 -22"><span class='ocrx_word' id='word_1_398' title='bbox 104 4365 250 4437; x_wconf 81' lang='lat' dir='ltr'><strong>tempora.</strong></span> <span class='ocrx_word' id='word_1_399' title='bbox 291 4349 334 4411; x_wconf 88' lang='lat' dir='ltr'><strong>Ut</strong></span> <span class='ocrx_word' id='word_1_400' title='bbox 355 4352 463 4420; x_wconf 79' lang='lat' dir='ltr'><strong>priorie</strong></span> <span class='ocrx_word' id='word_1_401' title='bbox 485 4357 547 4416; x_wconf 76' lang='lat' dir='ltr'><strong>ciue</strong></span> <span class='ocrx_word' id='word_1_402' title='bbox 568 4356 663 4437; x_wconf 77' lang='lat' dir='ltr'><strong>portio</strong></span> <span class='ocrx_word' id='word_1_403' title='bbox 679 4358 755 4419; x_wconf 85' lang='lat' dir='ltr'><strong>alter</strong></span> <span class='ocrx_word' id='word_1_404' title='bbox 779 4367 823 4418; x_wconf 85' lang='lat' dir='ltr'><strong>eet</strong></span> <span class='ocrx_word' id='word_1_405' title='bbox 843 4355 1067 4418; x_wconf 68' lang='lat' dir='ltr'><strong>Ecclesiasticus</strong></span> <span class='ocrx_word' id='word_1_406' title='bbox 1088 4356 1191 4417; x_wconf 82' lang='lat' dir='ltr'><strong>Conon</strong></span> 
     </span>
    </p>
   </div>
   <div class='ocr_carea' id='block_1_6' title="bbox 0 0 1448 5002">
    <p class='ocr_par' dir='ltr' id='par_1_10' title="bbox 0 0 1448 5002">
     <span class='ocr_line' id='line_1_48' title="bbox 0 0 1448 5002; baseline 0 1"><span class='ocrx_word' id='word_1_407' title='bbox 0 0 1448 5002; x_wconf 95' lang='lat' dir='ltr'><strong> </strong></span> 
     </span>
    </p>
   </div>
  </div>
 </body>
</html>
