2946 4996
221 332 289 464 62ζ
692 392 830 465 coetu

224 553 360 617 Abrnhso
378 575 396 614 o
415 552 499 616 Noto
514 551 632 615 dilucio
651 551 776 615 muimes
790 551 825 613 in
843 549 964 615 Ensebii
986 551 1066 617 libro
1080 554 1231 635 seeundo,
1257 558 1313 640 qui

224 639 391 701 chronicus
417 639 538 715 (innon,
565 638 727 700 desiderari
756 637 919 700 sssontior:
946 639 1079 700 omiserit
1097 639 1173 702 hoec
1198 641 1312 703 Hiero-

223 745 332 805 nymus
359 724 568 804 interpretari,
607 725 657 784 vel
684 731 853 804 temporum
878 722 1096 784 calamitatibus
1130 725 1309 805 exciderint,

222 819 303 870 tolus
324 808 434 870 exindo
453 808 566 888 periit,
581 807 643 868 .vel
666 805 776 888 potiori
802 808 1003 868 membrorum
1025 809 1144 869 cumulo
1172 810 1313 870 mrtlcts-

222 904 272 956 tus
298 892 672 956 Eusebiusiiiidicnlum.
721 890 854 953 cedreno
879 911 1001 973 quoque
1026 893 1170 974 synopsis
1195 895 1312 956 etism-i·

218 988 286 1061 pto,
309 978 454 1056 Codreni,
476 977 595 1057 qualem
610 976 767 1052 hebemus,
787 978 883 1037 t‘oetus
896 986 942 1037 est
954 995 1123 1056 germsnusz
1144 998 1201 1038 nec
1216 1000 1310 1061 prse-

217 1073 266 1125 ter
279 1062 429 1124 Historiae
449 1062 601 1142 synopsin
616 1058 801 1122 liistoricum
819 1061 963 1122 volumen
978 1062 1126 1141 ingentius
1140 1063 1311 1126 cedrenum

217 1149 366 1229 peperisse
377 1147 499 1227 entique
513 1146 637 1207 Gedreni
648 1145 847 1227 exemplaria,
865 1146 916 1207 vel
927 1146 1113 1208 diversorum
1127 1167 1147 1205 s
1157 1148 1310 1228 Scsligeto

216 1231 383 1293 somniante
401 1242 555 1292 suetorum
571 1229 742 1291 testimonis
752 1230 852 1311 pslsnr
867 1230 1056 1311 eloquuntur.
1098 1231 1219 1311 Georgii
1234 1243 1311 1293 ten-

217 1316 285 1377 dem
298 1317 393 1377 nostri
407 1336 493 1396 opus,
507 1311 625 1397 ίκίογή,
638 1315 745 1397 ordine
756 1314 794 1373 nd
805 1315 989 1376 norrsndnm
1000 1317 1226 1378 ocoommodsto
1238 1336 1310 1381 nos-

216 1406 337 1483 enyeion
357 1409 458 1481 potest
475 1399 637 1459 etiamnum
651 1398 803 1479 conspici:
823 1398 898 1478 qnid
916 1398 1002 1461 fictss
1024 1399 1120 1460 niem
1138 1401 1310 1481 ignorsntis

214 1479 403 1566 παραβολάς
426 1494 580 1563 surrogat,
609 1493 640 1543 et
660 1483 764 1546 invitis
787 1481 945 1544 obtrudit?
977 1484 1019 1544 At
1036 1482 1222 1567 παραβοίᾶρ
1243 1481 1309 1552 simi

216 1570 366 1652 stnpyiov
375 1571 433 1633 sori
442 1567 610 1651 Συγκίίίοο
621 1568 711 1629 verbo
723 1578 792 1627 onte
802 1567 911 1626 lemma
924 1570 1023 1647 operis
1034 1580 1176 1649 concepta
1189 1579 1308 1631 testen-

214 1663 284 1726 tur,
306 1653 407 1733 inquit
420 1650 479 1730 ¹⁹):
500 1653 600 1713 cedern
614 1652 679 1734 ipse
691 1653 805 1732 puriter
822 1652 902 1731 lego:
922 1671 1028 1713 verum
1042 1653 1157 1714 cslemo
1173 1675 1191 1713 s
1207 1655 1307 1717 libre·

213 1739 252 1800 rii
269 1757 359 1798 monn
373 1756 463 1817 quern
480 1737 617 1812 diverso,
646 1736 719 1798 rudi
739 1736 880 1797 nimirum
892 1756 983 1797 monn
1001 1747 1033 1797 et
1052 1738 1175 1816 agresti,
1196 1760 1306 1802 moen-

212 1824 327 1884 tissimo
350 1821 535 1899 chmecteru,
563 1822 616 1902 qui
639 1841 703 1881 non
728 1820 885 1882 scribentis
910 1820 1091 1902 imperitism
1117 1823 1223 1902 ruodo,
1250 1825 1306 1886 sed

212 1916 244 1969 et
266 1907 425 1968 indicentis
446 1915 550 1985 urgunt
571 1907 731 1967 inscitiam.
771 1901 885 1981 Eudem-
901 1906 1025 1987 insnpor
1045 1906 1212 1969 esubiecto
1226 1909 1306 1970 lern-

212 2002 291 2053 msto
303 2013 372 2053 cnm
385 1991 448 2052 sint
459 1992 625 2067 disiuncto,
645 1993 683 2052 sb
704 2010 795 2071 opere
808 2000 872 2052 toto
886 1990 983 2052 eliens
996 2011 1028 2052 so
1040 1991 1238 2072 profitenturt
1256 1994 1306 2055 vi-

212 2076 329 2138 ciniore
344 2077 440 2137 multo
454 2084 485 2137 et
507 2076 714 2137 coniunctiore
736 2077 770 2136 in
785 2076 908 2136 modurn
923 2074 1008 2136 hunc
1027 2086 1096 2138 unte
1111 2097 1187 2159 opus
1201 2079 1212 2138 i
1287 2070 1291 2084 ’

212 2180 366 2242 expressa:
389 2161 538 2241 Γεωρηίοο
551 2164 702 2245 Μονοχοῦ
711 2156 836 2241 messori
849 2160 965 2240 ἱστορία
975 2154 1124 2242 ἆρχομίοη
1136 2157 1197 2226 riui
1210 2158 1307 2245 disits

210 2245 262 2308 καί
278 2238 424 2324 διήκουσα
436 2242 522 2325 pinpo
535 2247 592 2306 τοῦ
608 2246 846 2323 Διοκίητιανοῦ·
866 2244 917 2304 vel
932 2243 966 2302 in
980 2244 1177 2306 Ambrorisno
1191 2247 1304 2309 codiee

209 2328 385 2403 Modiolnni,
406 2327 444 2388 tie
463 2348 523 2407 quo
546 2338 726 2388 memoratus
744 2323 890 2390 Aiintius:
922 2323 1074 2409 Χρονικὸν
1094 2323 1249 2411 σύντομον
1267 2331 1303 2395 is

210 2407 369 2493 διαφόρων
383 2407 599 2495 χρονοηροὶφωο
612 2409 664 2475 καί
678 2410 843 2493 ἐξηγητῶν,
865 2408 1003 2494 eniteris·
1015 2411 1068 2475 soi
1080 2412 1226 2477 muron
1238 2408 1302 2479 riseri

209 2499 362 2580 Iinpyioo
381 2501 532 2577 Μοοαχοῦ
551 2495 602 2559 καί
622 2495 801 2579 Συηκίίλοο.
848 2496 920 2571 llis,
942 2496 1051 2575 quibus
1078 2498 1168 2557 etiem
1189 2498 1302 2559 editio-

208 2582 256 2643 nis
274 2582 399 2658 titulus‚
424 2582 484 2641 nisi
502 2581 668 2661 germinius
690 2580 853 2657 extitisset,
880 2580 983 2660 ostingi
1003 2590 1137 2662 poterut,
1157 2584 1241 2643 nulls
1262 2583 1302 2645 sle

208 2666 358 2748 excerptis
384 2666 518 2742 mentio,
549 2665 612 2726 sols
630 2666 803 2745 sinceroque
827 2665 1009 2747 proponitur
1027 2665 1170 2728 Historia.
1222 2668 1301 2729 Aliis

208 2751 337 2831 denique
350 2750 410 2810 toti
425 2750 510 2832 operi
524 2750 693 2831 proximius
711 2750 828 2825 affixis,
846 2744 972 2835 Ἐκίοηη
988 2752 1209 2832 χρονογραφίαις
1221 2770 1300 2815 cos·

208 2843 330 2917 roysino
345 2831 410 2898 simi
426 2837 577 2917 Πυρρίου
593 2839 760 2914 Μοοαηοῦ,
781 2844 852 2897 cett
868 2832 1161 2917 chronogrophicom
1179 2837 1300 2915 quidem

210 2918 329 2999 Georgii
351 2918 577 2996 collectionem,
604 2939 665 2979 non
689 2920 731 2978 ito
753 2939 792 2980 cx
814 2918 878 2979 eins
900 2918 1144 3001 chronographis
1162 2921 1300 2982 snoleets

208 3003 363 3084 quodem.
408 3003 594 3084 Excerptunr
612 3003 741 3083 denique
760 3002 798 3063 ob
819 3003 887 3063 niiis
912 3005 1086 3065 onctoniius
1107 3004 1300 3086 Cinonogrs·

207 3086 332 3172 phicum
347 3087 550 3161 Brevioriurn,
570 3087 649 3149 illud
665 3108 736 3148 vero
756 3086 1010 3169 curonognphici
1026 3111 1045 3149 n
1064 3089 1193 3169 Georgio
1207 3091 1299 3151 inrti-

208 3176 269 3235 tnti
283 3172 429 3236 Breviorii
449 3181 592 3254 excerpts
610 3173 764 3235 continere
777 3173 995 3234 Grsrnmeticus
1016 3174 1120 3235 nullus
1139 3174 1190 3235 vel
1205 3176 1298 3236 etism

207 3259 320 3320 serulus
338 3257 487 3319 subiectus
504 3256 704 3320 somniaverit.
748 3259 852 3337 Quom
871 3260 1004 3319 mutilus
1023 3256 1130 3339 (instet
1149 3255 1297 3344 Sosliger)

206 3343 283 3403 liber
302 3343 355 3402 ille
371 3341 418 3402 od
436 3364 493 3403 ssos
506 3346 674 3424 pervenerit
682 3386 694 3420 ,
721 3344 860 3425 colligere
878 3346 950 3405 licet
968 3366 1004 3404 cx
1021 3346 1130 3405 munis
1147 3343 1242 3422 locis,
1261 3348 1297 3403 in

206 3428 318 3509 quibne
337 3439 393 3487 urst
411 3428 605 3507 quorundam
625 3429 761 3487 nunsinit
780 3440 837 3488 urst
855 3427 1009 3509 quaedam
1022 3432 1177 3509 promittit
1199 3432 1296 3489 Geor·

204 3516 1133 3680 ttttttttttttttttff'ttttm⁸3:32⁹:
1147 3522 1295 3656 ‘30:¹¹ss

203 3682 306 3743 terum
323 3680 389 3761 ipse
403 3680 534 3760 Scaliger
548 3692 578 3743 et
590 3683 719 3744 Allntius
733 3681 795 3762 ¹⁰),
814 3684 940 3764 quibus,
960 3692 997 3745 ut
1015 3682 1078 3741 sole
1099 3688 1295 3760 seperstsque

202 3765 354 3827 Ecclesise
367 3775 555 3846 promeretur
571 3777 625 3827 snt
643 3765 802 3829 haberetur
820 3768 951 3828 Historia
956 3815 966 3846 ,
986 3765 1200 3848 prsetermissis
1213 3765 1295 3824 Gen·

202 3851 302 3911 tilium
314 3850 506 3930 entiquorum
517 3850 658 3932 imperiis,
678 3853 865 3932 sepositsqne
877 3852 966 3913 etiem
977 3861 1008 3912 et
1018 3851 1131 3910 intecto
1142 3849 1294 3910 Hebraeo-

203 3954 273 3996 rum
290 3935 375 4016 Reip.
390 3935 574 4010 nsrretione,
596 3955 674 4015 quse
691 3938 730 3997 ed
744 3937 927 4014 Ecclesium,
948 3945 979 3997 et
995 3934 1145 3995 Ecclesise
1162 3952 1294 3995 noscen-

202 4018 260 4095 tis,
280 4019 391 4081 Christi
404 4019 536 4095 nomini,
558 4020 736 4081 Pontificum
748 4031 933 4097 nostrorum,
956 4029 986 4080 ot
996 4038 1066 4079 cnm
1078 4017 1125 4079 his
1137 4019 1294 4080 coniuncti

201 4103 288 4168 Rom.
307 4104 428 4186 imperii
449 4104 588 4165 notitiem
610 4103 758 4164 duntoxst
774 4105 925 4185 pertinere
943 4103 1139 4181 videbantur,
1159 4104 1222 4165 sols
1243 4103 1293 4164 le-

201 4198 313 4266 guntur
322 4187 461 4270 reposito.
502 4190 542 4250 At
557 4188 631 4249 hoec
643 4208 705 4249 non
716 4189 758 4248 its
774 4198 926 4249 contrecto
941 4189 1062 4268 Georgii
1075 4188 1219 4264 ilistoris,
1232 4208 1293 4248 uec

201 4271 390 4353 scriptorum
407 4274 513 4336 mutils
535 4272 696 4357 synopsis,
717 4292 806 4353 quum
830 4275 1028 4353 fragmentum
1046 4273 1197 4354 quoddsrn
1211 4292 1293 4334 con·

236 4386 621 4458 nmo-ommni.
687 4385 1238 4463 muneremunere-nomn
