2864 5004
393 426 453 492 ΕΤ
475 422 825 494 ANNOTATIONES.
963 424 965 429 ’
1077 412 1152 488 417

154 575 200 645 'Ee
215 574 261 655 ule
276 577 328 644 καὶ
339 573 512 662 Εὐσέβιος]
537 579 557 639 A
574 599 651 659 quo,
673 590 703 640 et
716 579 860 640 Pnusonie
869 624 877 654 ,
899 578 1044 661 quicquid
1057 580 1093 640 de
1106 581 1151 639 Si.

93 666 185 745 cyoniis
199 664 354 745 hucusque
375 664 538 745 promitur,
560 663 698 724 baustum
717 675 775 724 est:
797 664 916 725 Antbor
934 684 971 723 ex
989 665 1055 723 eliis
1076 685 1150 723 uon·

93 750 154 808 nulle
167 752 289 829 profert.
331 751 374 809 lle
389 749 596 829 Sicyoniorum
614 771 706 829 porro
722 760 791 808 ante
806 759 909 809 natum
923 749 1068 808 Abrohom
1085 749 1152 828 pri-

94 834 192 893 nordiis
209 835 294 894 nulla
308 844 354 893 est
369 834 449 894 iuter
462 834 621 911 Georgium
634 844 664 892 et
673 834 831 894 Eusebium
847 833 1009 893 discordie:
1032 833 1070 892 de
1083 834 1153 909 fine,

93 937 138 975 non
152 920 246 997 quood
261 938 405 979 orreorum
424 919 598 993 terminum,
620 918 671 977 sed
685 919 785 997 quood
799 927 916 981 exteros
933 917 1098 998 principes,
1120 918 1152 976 in
1184 946 1188 953 ·

93 1022 196 1079 quotum
213 1004 347 1062 incurrit
367 1013 508 1078 estatem,
529 1003 676 1082 plurimus
698 1004 789 1064 micat
808 1003 888 1063 inter
903 1012 1063 1081 utrumque
1085 1003 1153 1061 dis-

92 1105 184 1149 sensm.
224 1087 367 1146 Eusebius
386 1097 467 1147 retro
489 1090 737 1165 Agamemnonem
756 1098 787 1148 et
810 1086 941 1147 excisum
963 1088 1050 1146 llium
1072 1095 1155 1146 tenet

92 1188 172 1229 eorum
184 1169 342 1252 imperium
355 1170 474 1232 desiisse
479 1193 488 1247 3
511 1171 628 1232 Autbor
641 1173 768 1232 duorum
785 1181 815 1232 et
829 1172 952 1251 emplius
970 1171 1154 1231 soeculorum

91 1255 195 1332 spatium
213 1257 321 1335 purtim
337 1276 376 1315 ex
390 1257 500 1315 Cuinen
515 1256 656 1333 iunioris,
677 1257 839 1338 pertimere
860 1255 1088 1315 israeliticorum
1101 1256 1156 1315 lu·

90 1338 170 1397 dicum
192 1341 336 1400 aetatibus
358 1341 531 1412 collectum,
553 1343 724 1420 ti·equenter
745 1352 883 1401 cometus
903 1341 1155 1420 praetermiemm,

90 1422 205 1501 plorimii
226 1427 314 1485 annis
337 1426 561 1503 Agamemnonis
578 1436 702 1486 oetatem
725 1426 812 1505 ponit
829 1433 1024 1485 antevertere.
1064 1426 1154 1485 Peto·

88 1506 141 1566 rim
157 1507 191 1566 de
212 1510 297 1573 lloet.
321 1510 422 1588 Temp.
447 1511 500 1573 lib.
519 1516 550 1576 9.
577 1531 643 1588 cop.
660 1514 709 1577 16.
737 1509 774 1569 do
798 1511 1007 1587 Sicyoniorum
1027 1510 1152 1568 exordio

88 1610 161 1649 unum
174 1594 328 1673 utriusque
342 1595 518 1654 sententiam
539 1603 686 1669 sectatus,
708 1593 745 1652 de
761 1594 821 1653 fine
840 1594 993 1673 proprium
1015 1594 1155 1672 prolutu-

87 1694 140 1750 rm,
159 1677 192 1734 db
209 1688 338 1758 utroque
359 1679 445 1757 longe
466 1679 640 1758 digreditur.
682 1678 796 1737 Dubius
813 1676 889 1735 mibi
908 1686 952 1735 est
969 1697 1070 1735 eorum
1090 1678 1154 1735 im-

85 1761 184 1837 perium
198 1763 234 1819 nb
256 1765 475 1840 Agamemnone
500 1771 676 1840 occupatum
696 1761 827 1819 scribens
848 1759 900 1818 lib.
920 1765 968 1825 13.
988 1762 1025 1819 nd
1042 1780 1153 1821 sunum

85 1842 197 1902 luliome
220 1847 335 1904 Periodi
358 1848 453 1911 3514.
471 1866 509 1905 ex
525 1846 587 1904 eius
608 1843 686 1904 enim
713 1844 857 1903 eontentio
883 1845 965 1902 mille
987 1844 1072 1902 annis
1091 1866 1155 1904 nou

84 1927 195 1987 stetisset
212 1948 315 1988 eorum
336 1950 477 2006 regnum,
499 1940 529 1990 et
546 1928 731 2009 Apollodoro
753 1928 950 2008 pluribusque
964 1926 1029 1987 eliis
1045 1928 1155 1988 advor-

84 2021 200 2085 reretur,
224 2033 261 2072 ex
276 2013 416 2072 Autboris
431 2015 600 2074 testimonio
616 2013 787 2072 scribentis:
811 2006 966 2092 διήρκεσεν
979 2011 1029 2092 ἔτη
1044 2008 1090 2095 μ’.
1113 2012 1156 2086 ω”ς

83 2087 287 2177 Ἀπολλόδωρος
300 2097 351 2159 noi
366 2095 473 2176 ἕτεροι,
496 2097 529 2160 ἐν
542 2093 588 2172 οἷς
600 2098 652 2161 καὶ
666 2094 831 2177 Εὕσὲβιος,
855 2096 998 2177 ἔγραψαν.
1026 2099 1069 2156 Ao
1083 2098 1155 2157 licet

85 2179 218 2257 duplicem
236 2172 463 2241 stotnot‘eorum
478 2185 560 2260 regni
578 2182 703 2257 cladem,
723 2182 849 2262 primum
863 2180 941 2239 huuc
954 2180 991 2239 nb
1003 2181 1156 2258 Agamem.

83 2283 149 2322 none
161 2266 291 2341 illetem,
314 2266 434 2326 alterum
450 2287 508 2345 qun
522 2268 659 2326 funditus
672 2266 821 2325 desierunt
842 2276 912 2346 post
928 2267 1028 2325 Car-nii
1047 2269 1155 2325 Socor-

83 2346 173 2408 dotnm
191 2351 276 2410 annis
294 2353 345 2416 38.
367 2360 546 2430 protractam
563 2350 861 2424 administrotionem,
884 2351 922 2410 de
944 2370 1002 2430 quo
1019 2350 1096 2410 idom
1116 2351 1155 2411 etl

83 2429 199 2493 lulianae
217 2433 334 2494 Periodi
348 2455 458 2495 emmm
473 2437 566 2503 3547.
583 2435 663 2515 quod
681 2445 781 2495 temen
801 2435 900 2495 (Iornii
915 2436 1087 2497 Sacerdotes
1101 2455 1157 2496 ceu
1212 2427 1218 2440 ’

82 2514 191 2593 legitimi
203 2519 355 2600 principer
369 2519 527 2599 imperinm
540 2520 652 2581 exectis
664 2520 782 2598 regibus
792 2521 830 2579 ed
844 2540 956 2579 mmum
968 2519 1156 2580 millesimum

84 2604 238 2679 tenuerint3
262 2604 298 2662 ob
320 2605 536 2681 Agnmemnons
555 2606 638 2686 prius
658 2615 836 2686 occupatum
857 2624 919 2665 non
946 2605 998 2665 liet
1019 2605 1156 2665 omnibus

82 2686 243 2765 verisimile3
266 2698 434 2763 outcome,
456 2691 508 2768 qui
530 2689 589 2750 boo
617 2698 764 2764 asserent,
793 2688 941 2750 nutltores⁴
962 2689 1156 2770 proterendos

80 2781 222 2849 expetam:
244 2771 407 2851 quinetiam
421 2774 627 2852 Sicyoniorum
641 2794 764 2852 regnum
780 2776 941 2834 arbitratus
959 2775 1023 2852 ipre
1041 2774 1157 2832 stetisse

79 2852 114 2910 ad
134 2856 211 2916 mille
234 2858 353 2916 circiter
376 2878 485 2934 eeteros,
506 2858 543 2917 ub
565 2860 781 2936 Agamemnone
805 2879 865 2918 non
892 2860 1024 2937 potuisse
1043 2856 1156 2932 invadi,

80 2936 173 3015 debet,
194 2950 228 3000 ut
252 2941 308 3000 sibi
326 2950 459 3018 constet,
481 2951 511 3001 et
529 2943 651 3020 reliquie
670 2943 852 3019 consentiet,
873 2951 1087 3022 consequenter
1106 2962 1158 3000 oe-

78 3041 179 3083 eererc.
216 3025 261 3085 Ab
283 3024 500 3104 Agamemnone
521 3027 693 3103 subiugatos
713 3028 868 3108 Sicyonios
892 3046 955 3086 non
976 3027 1066 3086 luisse
1083 3025 1160 3085 mibi

77 3109 164 3165 multo
183 3110 292 3168 certius
315 3109 517 3170 demonstrent
531 3112 676 3172 Eusebius
698 3122 727 3172 et
747 3134 830 3173 meus
848 3111 1008 3190 Georgius,
1030 3131 1158 3190 quorum

77 3187 124 3248 iile
133 3191 234 3250 deletis
247 3193 396 3269 Sicyoniis
409 3196 654 3270 Agamemnonem
667 3197 755 3273 longe
769 3197 915 3274 priorem,
938 3196 989 3253 bic
1008 3215 1069 3253 nou
1086 3215 1156 3252 mo-

77 3272 138 3333 dico
158 3277 253 3355 spatio
278 3277 473 3355 posteriorem
494 3279 597 3340 secere.
640 3278 686 3337 Ab
702 3278 829 3338 Eusebio
845 3278 964 3337 tandem
986 3288 1015 3337 et
1031 3277 1155 3356 reliquie

77 3356 266 3438 chronologis
283 3360 410 3419 discedit
430 3361 585 3433 Petarius3
609 3360 668 3421 illis
686 3362 765 3422 enim
782 3362 868 3421 uernis
885 3362 968 3421 mille
989 3362 1156 3441 Sicyonio-

77 3460 138 3503 rum
160 3447 243 3523 regui
267 3444 399 3525 epatium
421 3445 746 3523 circumscribentibm,
775 3446 911 3506 Peterius
928 3447 1088 3507 terminum
1102 3466 1157 3506 eo·

76 3545 136 3587 nnn
150 3530 290 3589 ultimum
309 3530 340 3586 in
356 3549 466 3590 onuum
483 3530 598 3591 Periodi
612 3531 740 3591 lulianne
754 3533 844 3597 8547.
866 3534 1011 3609 seposuit,
1034 3531 1157 3591 exordia

75 3611 111 3669 ad
128 3616 219 3680 2550.
238 3613 272 3673 id
294 3623 339 3673 est
352 3613 449 3672 tribus
469 3615 555 3672 erinis
570 3635 664 3695 nequo
679 3615 791 3675 tardius
807 3615 954 3691 olligerit,
977 3634 1012 3673 nc
1032 3615 1156 3674 biennio

74 3707 155 3777 post,
176 3699 234 3758 boc
257 3706 301 3756 est
320 3697 397 3757 iusto
418 3698 479 3757 sere
497 3701 639 3770 termino,
660 3699 761 3758 fixisse
780 3699 946 3779 poenituit,
967 3697 1098 3758 scribens
1117 3697 1157 3758 ad

75 3781 175 3842 ultimo
193 3784 316 3842 citetum
329 3802 439 3841 nonum
458 3782 508 3842 lib.
526 3788 573 3848 13.
599 3786 809 3860 Siqt‘oniornm
829 3804 955 3862 regnum
973 3786 1055 3842 eirca
1075 3784 1158 3841 hunc

74 3884 185 3925 murum
200 3871 326 3926 initium
340 3868 462 3944 (recepit.
506 3871 635 3927 Biennio
655 3880 870 3928 atrteuertemue
890 3867 941 3929 lib.
962 3873 993 3935 9.
1013 3866 1051 3926 de
1064 3870 1157 3928 Dect.

73 3958 158 4029 temp.
180 3972 247 4030 cop.
268 3955 319 4016 16.
348 3951 409 4010 Sed
419 3951 470 4010 lrie
483 3974 582 4011 annus
595 3956 705 4032 placet.

154 4032 309 4115 Κάστορος
322 4035 390 4114 περὶ
404 4040 459 4116 τῆς
472 4038 644 4118 βασιλείας]
666 4038 747 4097 ilaec
768 4036 910 4096 Eusebius
927 4032 1002 4097 nerei
1020 4034 1100 4110 λέξιν
1118 4035 1158 4095 ml

72 4137 181 4179 ennom
200 4117 336 4180 Abrabae
358 4123 429 4186 880.
481 4123 629 4181 Cestorem
649 4141 755 4200 genere
779 4121 947 4194 Rhodium,
977 4119 1158 4179 habitatione

73 4202 206 4264 Galatam
227 4205 266 4264 de
290 4204 378 4263 rebm
401 4204 625 4266 Atheniensium
650 4216 679 4265 et
704 4207 882 4284 Argivorum
911 4205 1063 4284 scripsisse
1082 4205 1159 4282 leges

73 4288 151 4364 apuu
163 4289 338 4348 Eusebium:
360 4289 428 4347 lulii
445 4291 575 4350 Caesarie
590 4301 723 4371 tempore
737 4290 849 4350 vixisse
868 4290 956 4349 docet
970 4289 1084 4347 Snides.
1117 4290 1159 4348 lle

73 4371 259 4434 siritortune
268 4384 297 4434 et
305 4373 424 4451 scriptis
431 4375 518 4454 plura
526 4370 1121 4456 meuntvonimdesmpt.uraoentib.
1131 4377 1158 4439 t.

122 4472 220 4545 (ἕως.
236 4474 376 4545 speretius.
393 4472 428 4527 ll.
912 4462 955 4525 27
