3428 4998
538 399 597 464 ET
619 397 971 469 ANNOTATIONES.
1225 391 1298 467 351

226 579 265 632 sec
285 556 317 621 ot
332 551 393 620 ἐπ’
414 555 542 633 αἰῶνος,
570 554 603 619 ol
621 549 800 635 deessset,
821 552 854 616 οἱ
875 548 1045 636 ὀνομαστοί.
1082 555 1185 639 Apud
1202 558 1300 619 Cleol-

226 640 305 700 dorus
319 643 435 702 Aloros
449 661 578 720 regumn
593 641 683 718 prior
699 641 814 715 tenuit,
835 650 861 698 et
882 645 938 720 qni
956 646 1101 702 reaccessit
1114 644 1300 722 Alnspnrtss,

225 731 376 807 coeterique
390 731 548 808 principes
570 727 716 784 illorum:
743 723 837 802 Quod
856 727 957 804 ipsum
977 732 1117 787 insinuat
1139 731 1301 807 Scriptura

226 811 387 873 condicit:
418 814 567 893 Grgrrmtes
581 831 602 867 a
617 810 739 868 roecrrlo
757 810 951 870 socialibus
967 815 1063 890 suere.
1105 814 1144 874 Et
1163 814 1215 873 ille
1229 813 1302 893 qui-

224 897 296 969 done,
316 897 461 958 Eusebius
482 898 639 967 pinsitum,
662 915 718 954 ceu
739 898 933 976 παντοδαπῆς
953 896 1084 981 inceptor
1106 898 1229 971 author,
1251 898 1301 957 eui

224 981 299 1040 dubia
312 984 359 1041 vel
375 982 462 1057 salsa,
485 1003 545 1040 non
561 981 659 1039 mistus
676 1000 762 1059 quam
777 990 856 1039 corta
868 982 1018 1042 scribendi
1032 984 1146 1064 sylvam
1162 982 1301 1058 ollecunt,

223 1086 252 1124 es
266 1068 359 1126 llerosi
373 1065 617 1144 blurrethonisque
631 1065 821 1141 commentis,
843 1086 881 1125 ne
894 1067 1046 1143 ignoratae
1068 1089 1170 1130 eorum
1192 1068 1302 1128 lectio·

223 1151 262 1209 nis
278 1153 332 1212 sibi
346 1151 442 1210 labent
459 1152 671 1225 conscisceret,
698 1152 797 1230 potuit
817 1148 895 1209 bons
908 1151 968 1211 lide
981 1155 1143 1229 nonnulla,
1163 1173 1237 1231 quae
1251 1172 1297 1212 re·

222 1236 315 1311 lerret,
337 1258 399 1296 non
415 1246 574 1310 assereret,
596 1235 656 1294 suis
672 1234 793 1313 scriptis
810 1235 994 1314 inspergere:
1015 1237 1054 1297 Hi
1071 1258 1145 1298 uero
1160 1238 1230 1318 plus
1245 1237 1301 1296 iu-

221 1322 308 1379 sto‘in
328 1323 472 1381 llerosurn
500 1331 530 1380 et
552 1318 758 1379 llarretlronem
779 1320 885 1399 aequi,
915 1340 955 1380 no
979 1323 1167 1398 refellerent,
1197 1342 1301 1382 eorum

221 1415 336 1464 areertem
351 1406 508 1484 benignius
529 1405 718 1485 interpretari
733 1405 928 1464 studuerunt:
950 1426 1024 1484 quae
1044 1427 1130 1467 causa
1149 1415 1194 1466 est
1210 1411 1299 1466 Geor·

222 1489 255 1566 gii
271 1491 467 1569 querelarum:
490 1491 598 1569 quibus
612 1498 767 1569 permotus
782 1489 912 1567 Scaliger
927 1489 1070 1552 Notsrunr
1088 1493 1121 1550 in
1138 1492 1299 1551 Eusebium

221 1575 307 1651 pagio.
325 1579 399 1642 246.
414 1575 585 1636 mordacius
598 1584 627 1634 et
648 1574 744 1634 aerius
764 1574 797 1632 iu
815 1574 979 1634 Autltorem
993 1576 1164 1652 invehitur,
1185 1586 1215 1635 et
1229 1597 1297 1635 cunr
1316 1585 1346 1638 P.
1363 1587 1381 1639 8

219 1659 334 1719 Eusebio
356 1662 511 1740 iniquum,
540 1669 604 1720 tum
626 1660 714 1719 solita
740 1679 794 1717 sua
817 1659 985 1740 pertinacia
1007 1661 1081 1721 alios
1102 1661 1218 1740 insequi
1244 1680 1301 1720 nee

219 1744 358 1821 propriam
375 1747 553 1805 sententiam
573 1744 674 1804 valido
693 1745 801 1822 quovis
822 1745 1129 1819 argun1e11t0fi1·msre
1149 1754 1298 1807 causatur.

220 1830 293 1897 Quae
304 1849 371 1886 sarto
387 1828 578 1888 detraherent
590 1827 710 1903 Georgii
723 1826 810 1884 dietis
825 1837 856 1884 et
868 1826 1043 1887 autlroriluti
1051 1873 1060 1905 ,
1083 1829 1108 1887 si
1122 1829 1225 1888 lleresi
1236 1829 1300 1888 bla-

221 1912 402 1991 uctlrenisque
419 1913 511 1972 libros
531 1910 597 1969 lalsi
615 1910 785 1990 suspicione
800 1910 909 1969 liberos
931 1911 1146 1973 domonstraret
1160 1913 1300 1991 Scaliger,

220 2005 245 2054 et
262 2017 344 2074 rqrranr
364 1997 400 2055 ab
425 1996 585 2055 Historicis
608 1994 781 2074 postulant,
812 1996 922 2054 eisdem
944 1996 1008 2074 ipse
1029 1998 1177 2058 consecret
1199 1997 1299 2062 sidem.

219 2080 270 2139 Eos
282 2082 377 2160 itaquo
387 2092 509 2140 secutus
525 2080 667 2138 Eusebius
680 2080 728 2139 vel
742 2079 872 2157 Scaliger
888 2099 1035 2158 nusquam
1050 2082 1189 2161 probabit
1206 2103 1300 2163 propo
1349 2094 1351 2097 '

219 2166 310 2224 ruurrdi
335 2176 474 2226 exortum
502 2164 717 2223 Chaldaeorum
742 2173 772 2224 et
794 2164 1008 2243 Aegyptiorum
1036 2165 1172 2226 institute
1196 2188 1298 2246 regna,

218 2269 267 2308 neo
280 2260 345 2310 arne
366 2252 517 2310 diluvium
539 2258 584 2308 tot
601 2258 713 2326 queunt
735 2249 860 2308 excitari
875 2251 1047 2327 llynastiae,
1069 2261 1114 2311 tot
1133 2253 1227 2312 creari
1249 2273 1300 2313 re-

218 2353 277 2409 ges,
297 2357 397 2396 eorum
413 2336 519 2396 reli-cri
541 2343 587 2392 tot
603 2333 739 2408 rsonrina,
764 2354 839 2412 quae
855 2335 1014 2395 calidiores
1028 2338 1149 2416 Georgii
1170 2339 1299 2399 rationes

217 2421 406 2498 exscriptum
424 2421 617 2500 depromptae
632 2439 693 2477 non
711 2420 854 2497 perdant,
876 2430 928 2478 aut
946 2421 1113 2501 profligent.

176 2494 179 2500 ¹
290 2500 558 2586 Zrorqernttq'eerae
569 2502 603 2566 ἐκ
616 2502 698 2585 sein]
720 2505 811 2578 Quod
828 2505 986 2584 exequitur
1001 2526 1040 2566 ex
1053 2505 1232 2568 lllanetlrons
1245 2507 1299 2566 iu·

217 2588 297 2647 lerius
313 2612 376 2670 pag.
394 2597 444 2656 17.
460 2600 490 2650 et
506 2593 556 2655 18.

295 2680 343 2760 Τῷ
356 2670 441 2759 ,resq‘0
459 2680 516 2738 rari
534 2667 670 2752 stirpen]
694 2672 848 2753 Duplieem
870 2695 907 2732 ex
923 2673 1057 2735 Autbore
1076 2695 1168 2754 cogor
1189 2674 1299 2734 admit-

217 2765 272 2817 tere
282 2760 453 2819 descensum
462 2760 689 2835 Egregororunr:
704 2759 834 2838 primunr
843 2757 880 2817 do
893 2779 952 2837 quo
966 2760 1024 2818 iarn
1033 2760 1132 2840 pergin.
1149 2766 1197 2826 11.
1208 2761 1252 2821 lit.
1263 2762 1297 2820 ll.

216 2852 242 2897 et
258 2846 416 2903 secundum
435 2844 486 2903 hie
500 2852 705 2902 memoratum.
727 2836 912 2902 'Descensus
927 2844 978 2904 ille
994 2849 1060 2923 quis
1074 2846 1114 2905 sit
1128 2866 1225 2926 nuper
1242 2866 1300 2905 ex-

224 2941 314 2987 ›onnt
979 2974 987 2989 .

213 2946 224 3004 ¹
291 3008 478 3077 Ariouistus
496 3016 558 3075 sra‘u
577 3006 654 3092 pto.
674 3003 774 3090 isnin]
800 3011 887 3072 Prior
903 3033 969 3094 pag,
993 3019 1041 3080 10.
1063 3014 1100 3076 l).
1123 3014 1298 3074 celebratur.

215 3098 339 3173 Spatium
357 3120 429 3159 vere
447 3119 507 3177 quo
528 3099 607 3156 Luna
623 3098 791 3174 adsignent
812 3098 891 3158 idem
908 3099 1042 3178 signique
1056 3110 1202 3178 punctum
1218 3099 1297 3157 lucis

214 3201 277 3239 suae
291 3185 438 3263 principio
459 3184 505 3242 vel
524 3183 611 3262 plena
628 3183 713 3261 copia
730 3185 877 3257 recurrit,
898 3185 984 3242 arinis
1003 3184 1196 3243 novendecim
1221 3202 1296 3263 pre-

214 3266 355 3341 tenditur,
388 3278 417 3326 ct
439 3267 515 3344 cycli
539 3267 653 3325 lunaris
673 3268 832 3344 insignitur
855 3270 984 3325 nomine.
1035 3268 1163 3346 Tempus
1187 3268 1295 3328 iterum

215 3370 269 3428 quo
280 3362 401 3411 cunctae
420 3349 614 3409 lterrrinieales
626 3350 741 3410 litterae
755 3351 879 3428 singulis
893 3352 977 3410 annis
996 3352 1172 3412 distributae
1186 3374 1219 3412 eo
1235 3375 1294 3432 quo

214 3434 378 3517 inceperant
394 3436 443 3494 die
455 3456 511 3515 per
531 3435 666 3494 ordinem
686 3438 813 3495 redeunt
827 3437 1006 3495 emetiendae
1021 3437 1107 3497 arrrns
1123 3459 1183 3497 non
1200 3439 1296 3497 nrirrus

214 3531 277 3580 octo
291 3544 379 3602 supra
393 3521 502 3598 viginti
516 3520 696 3595 absolvitur,
719 3541 777 3601 quo
797 3522 902 3598 cyclus
919 3521 1024 3582 solaris
1047 3523 1144 3584 dictus
1164 3524 1293 3601 emergit.
1306 3527 1340 3584 V.
1358 3529 1376 3582 8

214 3605 470 3667 alterutrumne
496 3626 551 3686 per
570 3605 745 3665 alterutrum
764 3605 873 3664 duetus
895 3608 1013 3686 cyclmn
1036 3610 1108 3675 532.
1132 3611 1295 3688 componit,

213 3692 294 3767 selgo
311 3692 533 3752 Methonieum:
556 3700 728 3770 postquem
746 3693 885 3751 semelae
901 3694 1010 3752 iterum
1029 3694 1182 3754 evolutum
1203 3695 1242 3754 ad
1257 3694 1297 3753 u-

214 3775 263 3835 lias
276 3778 428 3837 lrorninum
444 3776 586 3836 transitus
599 3788 787 3837 memoratur.

292 3862 352 3925 tet
369 3864 479 3940 συνῆξε
500 3857 611 3940 adpone
624 3857 679 3941 ρκ’.
696 3860 746 3925 diei
764 3860 910 3943 βασιλέων
931 3859 1028 3942 tiss]
1050 3863 1140 3942 Reges
1156 3863 1225 3922 illos
1242 3862 1298 3919 do·

214 3964 274 4003 cern
287 3950 398 4024 protect
411 3947 573 4006 succedens
591 3948 708 4026 pagina.
750 3952 837 4008 Saros
854 3957 972 4006 centum
987 3959 1016 4008 et
1028 3949 1129 4007 decern
1142 3968 1180 4006 ex
1190 3966 1298 4005 novem

213 4034 348 4091 aetatibus
372 4033 523 4107 collectis,
552 4033 627 4091 alies
647 4035 748 4092 decern
766 4034 851 4092 atritis
875 4032 971 4090 llsoni
992 4033 1068 4110 regis
1088 4039 1140 4099 99.
1164 4032 1228 4110 (qui
1241 4031 1297 4090 lu.

213 4112 280 4173 liani
292 4114 374 4199 sunt)
392 4118 423 4175 iu
440 4118 519 4193 dies,
542 4118 646 4177 dicbus
660 4139 730 4178 vero
745 4119 774 4177 in
796 4123 884 4178 Saros
900 4118 1069 4176 distributis
1084 4116 1223 4175 conficies
1238 4115 1296 4174 lroc
1379 4132 1385 4145 ¹

212 4209 305 4277 paeto.
346 4203 392 4260 llrc
414 4203 499 4261 aratris
523 4209 574 4269 99.
595 4203 627 4261 in
647 4204 710 4262 dies
729 4205 866 4264 resolutis
890 4203 993 4282 (ducto
1014 4206 1065 4267 99.
1084 4221 1138 4280 per·
1154 4204 1226 4267 365.
1241 4221 1296 4258 rtu-

212 4288 302 4362 mero)
316 4286 379 4345 dies
392 4287 539 4345 subducto
553 4292 667 4356 36135.
681 4290 743 4348 dies
758 4290 872 4348 istosin
885 4294 982 4360 Saros,
997 4284 1055 4344 lr'oc
1069 4294 1122 4362 ost,
1135 4307 1190 4368 pet·
1204 4291 1296 4353 3600.

211 4366 323 4431 divide:
346 4373 435 4431 Saros
454 4372 601 4433 obtinebis
619 4378 668 4438 10.
683 4383 713 4433 et
727 4374 791 4434 dies
806 4374 928 4453 iusuper
944 4372 1014 4436 135.
