2864 5004
290 352 367 427 410
660 355 1006 430 EMENDATIONES

289 528 351 590 tur,
365 527 489 597 propter
497 514 686 577 nobilitatem
698 518 786 597 regni
798 515 1003 595 Assyriorum,
1017 513 1103 597 quod
1112 515 1259 578 dileetovit
1273 518 1364 579 Ninos

288 603 360 665 Beli
372 601 467 680 fliius
488 599 626 660 eonditor
648 602 774 661 Niniree
796 603 932 661 civitatis
952 622 1099 682 magnae,
1129 607 1218 662 euius
1239 606 1365 662 civitatis

287 707 393 749 norun
411 708 446 745 ex
463 687 551 746 illius
568 688 686 745 nomine
698 682 870 745 derivatum
886 698 944 764 est,
974 697 1009 746 ut
1025 708 1047 747 a
1067 688 1148 745 Nino
1164 688 1276 747 rosave
1290 686 1365 746 dios·

286 783 377 830 retur.
405 771 508 832 Assur
531 782 650 848 autem,
679 767 760 828 unde
781 772 921 850 Assyrii,
949 792 1011 831 non
1030 765 1098 851 [isit
1125 791 1158 829 es
1173 773 1260 849 filiis
1279 768 1365 833 Chaos

285 854 378 915 medii
383 856 452 936 fitis·
467 857 548 933 Noe,
568 853 623 915 sed
635 875 670 913 es
673 856 758 933 filiis
772 849 860 929 Sem,
881 858 936 935 qui
944 859 1015 933 suit
1035 859 1187 914 niaximus
1204 857 1365 933 Naesslius.

292 936 377 1000 Unde
398 952 523 1022 apparet
543 961 577 998 ex
587 940 672 1018 filit«
688 942 754 997 Sem
772 949 887 998 exortos
902 943 1020 1016 fuisse,
1048 944 1102 1021 qui
1118 953 1224 1020 posteo
1246 960 1365 1020 regnum

287 1027 435 1105 Gigantes
449 1027 538 1085 s'tttrn
551 1022 705 1085 ttemtrod
718 1023 879 1084 obtinerent
887 1068 897 1100 ,
919 1034 947 1082 et
968 1024 1038 1083 inde
1054 1024 1261 1104 procederent,
1282 1038 1366 1103 utque

285 1109 371 1169 alias
390 1109 546 1170 conderent
568 1112 720 1185 ciuitates,
742 1128 874 1188 quorum
893 1111 995 1188 primo
1013 1120 1055 1166 est
1072 1130 1093 1165 α
1116 1111 1197 1169 Nino
1218 1110 1365 1188 appellato

287 1197 407 1258 Niniue.
432 1194 490 1255 viis
511 1203 633 1275 apparet
647 1194 843 1273 insuperque
861 1194 995 1267 ratione,
1015 1193 1206 1273 procedentis
1227 1204 1309 1255 retro
1321 1192 1365 1252 ti·

285 1279 402 1341 luviusu
423 1279 565 1357 temporis
590 1277 684 1336 eidem
707 1278 803 1357 spatio
823 1277 993 1358 paucissimi
1006 1297 1023 1336 s
1036 1276 1128 1335 Chaos
1150 1277 1286 1336 homines
1306 1278 1366 1347 orti,

285 1364 366 1423 (ihus
382 1363 520 1423 nimirum
530 1361 679 1422 Nombrod
695 1370 725 1420 et
738 1362 848 1439 Ninus,
868 1362 925 1421 snb
939 1383 1014 1441 quo,
1036 1381 1097 1420 non
1113 1361 1291 1420 assentiente
1303 1362 1365 1422 liost

285 1447 424 1523 Petssio,
446 1448 551 1507 molior
566 1445 820 1523 chronologorum
839 1466 908 1525 pars
928 1445 1073 1505 Abraham
1092 1445 1124 1503 in
1140 1446 1239 1504 lucem
1259 1446 1365 1503 tersisse

285 1541 429 1608 testatur,
458 1531 650 1612 paucissimi,
671 1531 755 1603 dieo,
778 1528 868 1589 Cham
886 1540 1006 1611 nepotes
1031 1531 1136 1607 longae
1154 1529 1192 1587 ab
1213 1529 1365 1608 multiplioi

286 1619 355 1677 Sem
369 1616 515 1692 liliorum,
538 1613 715 1696 Arphaxad,
736 1615 820 1689 Sala,
841 1613 952 1689 Hshsr,
974 1614 1096 1690 Phaleo,
1118 1615 1229 1689 Ragau,
1249 1611 1364 1688 Seruelr,

287 1700 424 1777 Nsehor,
444 1698 595 1777 Tharrhs,
618 1697 753 1760 Abrahae
771 1698 856 1759 seriei
878 1699 992 1779 possint
1015 1698 1190 1776 oxaequsri3
1214 1718 1288 1778 quos
1303 1717 1363 1757 oaas

288 1787 372 1847 iuxta
383 1791 434 1852 70.
455 1787 654 1866 listerprotum
668 1784 794 1866 putandi
811 1784 930 1844 modum
945 1803 998 1863 per
1012 1805 1065 1844 sua
1078 1794 1211 1863 tempora
1225 1794 1254 1842 et
1267 1792 1365 1841 setstas

288 1871 428 1950 disponat
445 1869 562 1931 Author
586 1870 746 1949 Georgius,
767 1890 802 1928 ae
824 1868 947 1928 insimul
963 1868 1179 1928 Chaldaeorum
1199 1877 1231 1927 et
1243 1868 1364 1926 antas

288 1967 359 2015 sate
372 1957 484 2034 primos
499 1953 635 2035 Assyrios
649 1951 795 2014 Abraham
813 1972 935 2013 oosovos
954 1953 1102 2013 llemhrod
1121 1953 1276 2013 interiores
1289 1951 1365 2009 anti·

289 2041 427 2119 quissima
442 2059 531 2117 regna
547 2038 712 2119 peneadem
731 2037 825 2118 spatis
841 2058 878 2097 ex
893 2036 1044 2111 Atrieani,
1066 2038 1114 2097 vol
1130 2058 1165 2097 eo
1179 2034 1364 2098 vetustiorum

288 2122 467 2183 authoritate
483 2144 571 2202 regna
584 2124 730 2199 stabiliat,
752 2123 830 2183 inter
842 2121 958 2182 fabulas
978 2132 1008 2184 et
1028 2123 1181 2197 figmenta,
1203 2120 1364 2181 undosior·

287 2208 422 2289 plioique
439 2209 538 2279 dicto,
566 2209 645 2286 ssuod
664 2210 798 2287 privatas
817 2207 907 2266 alieni
926 2206 1139 2283 chronologias
1161 2202 1363 2284 nsqumntsd«

164 2333 166 2336 ψ
287 2294 402 2373 aptari,
422 2312 484 2350 non
498 2291 638 2352 videntur
650 2292 736 2351 facile
750 2290 1001 2352 connumeranda.
1025 2291 1098 2350 Vide
1112 2310 1179 2370 pag.
1197 2291 1296 2358 921.

371 2411 438 2486 Peg·
460 2413 511 2475 91.
537 2412 584 2493 rat
600 2401 706 2493 ῥψοςῖ
728 2406 783 2470 l'rrt
800 2401 1010 2487 tosianianum]
1040 2405 1200 2467 Adiluvio
1213 2407 1251 2467 sd
1263 2409 1362 2467 irnha-

287 2506 353 2558 rsts
368 2493 584 2554 Chaldaeorum
609 2503 639 2555 et
658 2493 870 2573 Aegyptiorum
885 2511 973 2571 regna
997 2502 1132 2553 numerat
1151 2491 1265 2553 Author
1279 2508 1361 2550 antias

288 2582 360 2647 634.
382 2580 441 2639 Noc
461 2578 619 2642 innuerito.
652 2579 752 2656 Longo
776 2578 885 2659 quippe
901 2576 1045 2657 tesssporis
1062 2586 1091 2636 et
1114 2597 1259 2636 antrorum
1274 2572 1360 2654 spatio

286 2665 347 2726 suit
360 2685 434 2743 opus
448 2663 633 2740 hominibus,
655 2664 812 2723 utineam
833 2670 1037 2722 excrescerent
1057 2661 1291 2728 multitudinem,
1310 2674 1361 2732 qm

287 2747 511 2830 populatissinns
531 2768 618 2824 regna
635 2758 665 2807 et
682 2757 827 2808 terrarum
842 2747 975 2805 immensi
989 2757 1101 2804 tractus
1115 2746 1289 2802 colerentur.
1314 2739 1360 2798 llis

287 2832 409 2909 aliisque
426 2832 523 2905 regnis
545 2831 749 2904 instituendis,
771 2840 801 2887 et
823 2832 931 2889 referta
953 2831 1057 2908 quavis
1074 2827 1266 2886 incolentium
1286 2822 1361 2907 plebs

286 2913 477 2978 resarciendis
490 2913 545 2973 soli
560 2916 629 2979 153.
644 2914 764 2973 Petusio
778 2915 847 2971 satis
863 2913 984 2971 suerunt
997 2911 1048 2972 lib.
1069 2916 1098 2978 9.
1117 2912 1154 2970 de
1172 2911 1257 2973 Doet.
1270 2911 1362 2990 Temo.

288 3023 354 3080 cap.
374 3004 421 3068 14.
444 3006 474 3057 ot
497 2999 545 3064 15.
560 2997 612 3057 sed
632 2998 739 3076 quibus
761 2996 819 3057 hoc
841 2996 1014 3071 confirmat,
1037 2995 1167 3057 rationes
1184 3005 1363 3078 portentosas

289 3095 378 3163 suut,
400 3093 429 3144 et
446 3083 534 3143 fidem
550 3102 668 3142 omnem
683 3082 823 3143 videntur
835 3101 1021 3163 exsuperare.

371 3185 545 3267 Αἰγυπτίων
557 3178 613 3246 dsio
625 3182 791 3263 βασιλέων]
821 3183 904 3258 Quos
922 3179 1081 3242 coniunxit
1103 3180 1264 3259 Georgius,
1282 3180 1362 3241 homo

289 3269 420 3347 Scsliges·
435 3269 583 3349 separavit
598 3288 695 3346 roges,
717 3280 746 3328 rt
761 3269 914 3349 utriusque
928 3266 1014 3327 annis
1028 3272 1078 3333 72.
1092 3266 1144 3326 uni
1160 3268 1218 3325 soli
1238 3264 1360 3333 addictis,

288 3355 411 3413 alterius
425 3373 527 3413 aarum
543 3352 721 3413 desiderarit
732 3365 856 3415 aetatem
874 3356 995 3413 lacunae
1010 3360 1092 3429 nota,
1104 3351 1237 3410 scribens
1248 3352 1278 3408 in
1291 3347 1360 3406 huso

288 3438 427 3498 sssodum:
454 3438 627 3515 Αἰγυπτίων
643 3437 832 3519 ὃβασίλευσεν
852 3434 883 3503 e'.
907 3432 1111 3516 ἆνεπίγραφος
1125 3429 1182 3513 οβ’.
1202 3431 1362 3523 Aiyusssissr

288 3523 476 3603 ἐβασίλευσεν
489 3518 521 3590 ς’.
537 3514 740 3605 ἀνεπίγραφος
761 3520 838 3605 (ἔτη)
861 3566 868 3583 .
889 3568 898 3584 .
919 3567 927 3583 .
950 3568 958 3583 .
980 3522 1075 3580 lluius
1090 3520 1186 3596 itaquo
1200 3515 1362 3574 innominati

288 3607 434 3669 desiderat
456 3623 565 3662 annos:
587 3615 618 3664 at
638 3609 781 3686 Georgius
800 3608 896 3687 quinti
916 3616 944 3667 et
960 3605 1036 3666 sexti
1052 3622 1151 3678 regum
1175 3620 1267 3659 annos
1282 3596 1361 3656 simol

289 3691 418 3770 colligit,
446 3687 648 3766 stultiusque
669 3697 720 3756 72.
742 3693 885 3768 allirsnat,
907 3701 936 3750 ot
956 3711 972 3748 a
996 3686 1100 3746 mundi
1120 3685 1213 3750 2944.
1230 3685 1266 3743 ad
1278 3686 1361 3749 3016.

287 3796 423 3854 regnasse
440 3780 572 3833 testatur.
594 3772 628 3830 ln
644 3772 690 3831 his
713 3818 844 3836 .....
865 3773 1005 3855 anonymi
1018 3768 1138 3829 alterius
1154 3788 1248 3829 anasos
1260 3767 1362 3851 quaerit

288 3863 435 3941 Scaliger3
458 3856 511 3918 ubi
527 3857 668 3935 reperiat,
688 3878 749 3917 non
764 3860 899 3919 coniicio.

370 3959 464 4027 ’tiron
485 3953 568 4039 aad]
589 3958 718 4035 Scaliger
730 3980 794 4039 pag.
808 3970 906 4019 tostus
922 3956 968 4024 11.
982 3949 1068 4032 καί.
1084 3954 1225 4016 Erronee.
1244 3949 1362 4014 lidonis

288 4069 366 4129 quas
388 4049 425 4109 ds
445 4024 645 4107 'thebaeorum
671 4057 772 4119 rogum
796 4043 893 4123 spatio
920 4040 1026 4100 scribit
1050 4039 1176 4101 interius
1201 4039 1313 4102 huthor
1329 4034 1361 4094 sd

290 4134 402 4194 calcem
418 4152 520 4193 eorum
534 4128 752 4207 diagrasumstis
766 4148 832 4209 pag.
848 4131 916 4194 147.
933 4127 967 4185 ll.

375 4229 462 4297 Metal
484 4226 546 4313 osd‘
568 4232 618 4311 ἔτη
641 4233 695 4309 τῆς
718 4224 909 4309 διασπορᾶς]
940 4225 1085 4288 llusnenss
1103 4227 1193 4294 1124.
1210 4223 1360 4285 mendosas.

290 4318 317 4381 Α
331 4316 516 4400 dispersione
527 4316 672 4397 siquidem
687 4317 726 4377 sd
736 4315 932 4376 instaurstusu
945 4312 1150 4376 'l'lsebaeoruas
1161 4330 1281 4392 regirans
1295 4320 1360 4364 anua
