2946 4996
543 394 843 469 nlssntt'oe‘no.
1210 391 1235 464 7

149 554 249 617 onon
267 561 300 617 et
319 552 396 616 fider
411 551 609 617 tonum
635 563 749 619 unum
768 561 866 616 tomen
887 550 995 615 horum
1019 553 1236 616 chronicorum

148 637 358 720 praest-stim
370 658 442 718 eree,
460 649 497 702 ot
508 639 625 703 nonum
637 648 724 705 vno·
736 639 880 722 ecriptom
894 649 975 702 extet
988 639 1152 702 iteratione
1164 652 1238 699 tem.

148 743 271 806 pomo,
293 723 375 805 qoetl
392 742 462 785 com
481 722 541 785 lroc
560 725 728 806 oonpmri
738 725 851 807 poscite
871 724 931 785 imo
947 725 1063 787 nullom
1074 726 1165 806 poulo
1180 743 1238 784 ve·

149 807 260 869 nectus
272 828 357 887 esse,
378 808 460 889 qood
474 809 512 869 eb
525 807 585 871 ltoc
595 810 762 872 derivatum
774 830 834 870 noo
849 810 897 871 sit.
940 808 1067 871 Maxime
1080 811 1170 888 igitur
1183 809 1238 868 do.

148 891 273 954 lendum
290 913 369 971 eree,
390 890 450 953 lroc
462 894 649 974 praeclarum
667 915 743 976 opos
765 914 903 955 mercum
925 893 964 953 ed
982 914 1037 954 noe
1059 896 1237 976 pervenient

147 976 225 1039 ttsss
237 976 324 1058 prior
335 977 412 1039 liber
424 978 540 1059 integer
556 978 750 1057 derideretur,
769 979 822 1060 qui
837 978 996 1049 cernentes.
1011 990 1047 1039 nt
1061 977 1239 1041 Tertulliani

147 1062 240 1124 veno
263 1072 399 1138 numer,
419 1064 553 1125 omniun
575 1065 845 1126 vetustiuimorum
862 1063 1017 1123 notionum
1040 1074 1239 1142 etregnormn

149 1146 309 1213 monuit
352 1147 436 1223 Qus·
459 1145 551 1210 hoino
570 1149 641 1210 libri
661 1151 822 1229 ingruente
842 1149 921 1229 epod
936 1147 1077 1225 Georgios
1092 1148 1241 1229 inprimit,

149 1231 324 1313 Syoeellom
337 1241 367 1293 et
381 1232 556 1310 Cedrenum
577 1243 692 1295 remote
707 1244 788 1311 sunt,
808 1232 950 1314 losephns
965 1234 1096 1313 Scaliger
1110 1231 1239 1310 collegit,

147 1317 236 1399 plen
255 1326 353 1376 eutem
366 1337 423 1398 pro
435 1337 519 1379 more
531 1338 586 1379 sno
600 1319 752 1392 inserens,
772 1339 846 1399 queo
859 1338 919 1378 non
930 1318 1047 1378 Eusebii
1063 1337 1125 1378 esee
1137 1317 1241 1376 viden.

148 1410 207 1462 tor.
247 1400 340 1463 Liber
359 1404 526 1482 posterior,
560 1423 648 1483 quem
669 1398 785 1468 miro
805 1412 912 1464 euctor
933 1403 1101 1483 inscripsit,
1127 1401 1242 1479 integer

148 1484 272 1567 quidem
293 1495 446 1566 cuperent,
466 1487 519 1549 ted
537 1498 581 1548 eet
593 1499 708 1550 tuntum
725 1489 809 1568 quoti
823 1488 914 1551 index
930 1487 1049 1566 quidem
1068 1497 1097 1546 et
1111 1504 1241 1546 summe·

148 1569 228 1632 rium
255 1568 429 1651 superioris.
476 1573 642 1654 Utrumque
664 1574 768 1633 Lotine
789 1573 937 1633 convertit
962 1576 1002 1632 B.
1028 1574 1242 1649 Hieronymus,

149 1656 203 1735 qni
216 1655 273 1714 rob
288 1656 516 1737 imperatoribue
528 1658 666 1719 llornenis
682 1659 824 1719 Grotiono
836 1668 865 1718 et
875 1656 1042 1717 'l'lieodosio
1058 1656 1144 1730 vixit,
1162 1655 1243 1714 circe
1259 1722 1269 1735 ·

148 1758 217 1797 ettn·
243 1743 319 1805 ³90.
363 1742 450 1802 Plura
475 1744 502 1803 ei
526 1743 559 1802 in
570 1743 619 1804 ltie
636 1742 789 1802 Chronicr's
805 1742 954 1801 vertendis
975 1739 1242 1801 lntmenittnexci-

149 1823 235 1898 dine,
255 1822 317 1881 ism
331 1843 369 1882 ex
390 1845 424 1884 eo
437 1827 585 1885 coniicere
598 1826 708 1898 licebit,
729 1824 821 1904 quorl,
846 1825 889 1882 uti
903 1825 967 1903 ipre
981 1826 1013 1882 in
1028 1826 1180 1904 prooemio
1196 1824 1242 1881 'ie-

147 1916 248 1981 tetur,
269 1908 387 1966 notsrio
408 1908 595 1968 velocissime
614 1909 787 1984 dietevorit;
809 1917 840 1967 et
861 1909 990 1985 Scaliger
1008 1911 1116 1968 irruitos
1128 1926 1243 1966 erroree

148 1991 323 2071 interpretis
341 1990 470 2069 collegit.
511 1992 578 2053 Non
603 1993 1107 2072 verminterpretistentnmoiiicio
1122 1994 1245 2051 intictne

148 2085 202 2150 est,
223 2095 331 2135 venem
348 2096 387 2137 ex
398 2086 483 2157 porte
494 2097 615 2158 quoque
630 2079 800 2158 scriptoris:
820 2098 890 2136 nom
905 2087 935 2134 et
949 2076 1062 2137 Grsece
1077 2076 1245 2135 fidelissime

150 2159 316 2241 expressit,
338 2170 368 2222 et
381 2161 544 2234 nonnullo,
566 2182 642 2242 qnee
664 2161 831 2222 intermisce
844 2161 1037 2239 videbantur,
1057 2161 1165 2220 adiecit
1180 2179 1244 2216 rnn-

149 2246 231 2307 xime
253 2246 286 2305 io
306 2247 437 2305 llomene
458 2245 599 2325 historie,
619 2247 657 2305 tle
677 2247 850 2324 'l'mnquillo
872 2245 902 2316 (i.
917 2265 942 2304 e.
960 2242 1115 2327 Suetonio)
1131 2253 1160 2302 et
1175 2263 1242 2301 coe·

148 2332 222 2391 teris
234 2330 404 2391 illuetrione
425 2330 573 2407 historicis
586 2330 784 2393 curiosissime
801 2350 973 2409 excerpent.
1016 2334 1042 2389 A
1055 2326 1243 2388 Constantini

148 2424 250 2473 tutan
267 2433 346 2472 enno
370 2417 511 2493 vigeeimo
531 2410 622 2492 (327)
649 2433 742 2489 neque
766 2413 804 2470 orl
824 2416 1018 2472 constrictum
1044 2418 1243 2489 Augustorum

149 2495 282 2555 Veientis
295 2498 389 2555 sexies
404 2506 433 2556 et
448 2496 647 2557 Valentiniani
663 2496 773 2556 iterem
789 2495 826 2576 (i.
843 2516 869 2557 e.
885 2517 954 2556 nnn.
970 2495 1041 2557 chr.
1057 2496 1133 2576 378)
1148 2505 1245 2554 toturn

149 2579 326 2659 Hieronymi
336 2589 390 2640 est.
432 2577 532 2665 (coni.
549 2581 723 2661 Hieronymi
738 2579 975 2666 praefationem).
1003 2583 1141 2642 Attamen
1153 2600 1191 2639 ne
1202 2580 1246 2638 le·

150 2664 213 2753 tine
234 2664 356 2744 quidem
375 2662 450 2725 lineo
464 2666 564 2726 verrio
582 2668 696 2744 integre
709 2675 859 2746 superest:
880 2666 913 2723 in
929 2667 1026 2745 priori
1042 2667 1120 2723 libro
1136 2665 1247 2724 multoc

150 2759 182 2811 et
194 2750 312 2831 emplee
323 2751 448 2810 lecume
459 2760 539 2810 eunt.

221 2836 345 2893 lictum
364 2857 434 2894 mro
450 2854 599 2916 graecum
612 2834 833 2914 oereionemque
853 2834 985 2893 latinum
1000 2832 1104 2892 multie
1116 2831 1149 2890 in
1161 2830 1246 2907 loeis,

150 2921 283 2979 maxim
297 2923 332 2978 in
346 2923 488 2996 numerio,
509 2941 526 2980 e
540 2919 669 2980 libreriie
677 2916 876 2998 depravatum
891 2940 961 2994 eece,
983 2917 1098 2977 ismioni
1114 2925 1246 2996 epperct

149 3007 228 3066 Nem
250 3014 282 3065 et
303 3004 445 3064 nonnose
467 3006 500 3065 in
524 3003 638 3065 notulis
657 3022 849 3063 numerorum
865 3002 1065 3063 describendis
1079 3001 1193 3060 incuria
1211 3022 1246 3059 oc

150 3110 221 3150 osen
242 3097 376 3164 erretur,
396 3088 523 3148 maxime
550 3089 582 3147 in
602 3087 735 3146 numerio
760 3086 916 3163 Romanis,
939 3088 990 3166 qui
1007 3088 1110 3166 prucis
1132 3094 1247 3144 teritum

149 3175 272 3251 sotist,
295 3173 334 3249 V,
355 3174 394 3250 X,
417 3174 449 3249 L,
471 3175 504 3248 C,
525 3173 561 3249 Ι),
577 3172 618 3248 Μ,
639 3170 803 3251 iisdemque
818 3192 887 3251 ergo
898 3173 1016 3251 saepius
1027 3170 1160 3249 repetitio
1173 3169 1247 3227 seri.

150 3260 282 3330 banton
305 3268 336 3318 et
356 3258 487 3318 noentuli
501 3266 602 3317 ament
616 3276 733 3317 errores
748 3257 866 3333 calculi,
889 3257 940 3334 qni
962 3255 1018 3313 eibi
1036 3255 1187 3325 videntur,
1210 3252 1248 3312 od

150 3365 236 3406 eoem
253 3343 505 3423 competitionem
518 3342 681 3421 corrigere3
698 3350 750 3402 ont
762 3350 847 3402 notos
859 3361 876 3398 o
889 3338 1076 3416 diligentibus
1089 3337 1249 3398 lectoribue

150 3429 279 3508 uergini
300 3428 465 3507 adscriptos
486 3426 586 3487 textui
607 3428 752 3486 inserere:
773 3424 852 3485 unde
868 3424 945 3483 nulli
958 3423 1075 3483 codices
1091 3422 1181 3501 mogis
1198 3422 1251 3480 vi-

148 3515 265 3575 tiorum
279 3522 408 3588 certent,
430 3533 519 3594 quern
530 3511 742 3589 chronologici.
783 3507 929 3587 Exernplo
943 3530 974 3567 ee
990 3508 1120 3568 offerunt
1134 3510 1167 3565 in
1183 3509 1249 3584 ipro

152 3618 233 3658 ormo
257 3596 370 3658 mundi
387 3598 534 3674 liniendo,
557 3618 617 3677 quo
633 3595 788 3655 cerisium
808 3605 917 3652 neotum
936 3615 997 3651 erre
1017 3592 1165 3652 Etnrbim
1183 3611 1250 3669 pn·

152 3687 275 3744 toosrit.
296 3715 340 3731 -
360 3684 405 3744 Ab
428 3684 541 3743 Adeone
563 3682 602 3741 od
623 3680 777 3740 llilnvitno
797 3698 889 3756 nsque
911 3677 1024 3754 colligit
1046 3696 1141 3735 mittor
1155 3679 1249 3748 2242,

152 3768 281 3827 mulus
306 3768 434 3847 Georgio
453 3766 595 3848 syncello
622 3785 653 3848 p.
684 3767 734 3832 64.
758 3783 798 3841 ιο,
809 3765 919 3823 Tirone
934 3765 1077 3841 Prospero
1091 3782 1121 3839 p.
1139 3763 1200 3824 284
1218 3758 1250 3814 in

154 3849 276 3910 osssvii
290 3851 432 3916 Theeeur.
448 3854 533 3913 Tem.
548 3852 617 3927 XL,
639 3850 748 3931 quibus
759 3854 906 3908 concentit
917 3847 1014 3906 versio
1032 3847 1125 3904 latine
1143 3843 1249 3901 lliero·

154 3935 237 4016 nymi
262 3954 329 4013 peg.
345 3940 410 4002 8et
425 3940 493 4005 16&
536 3937 591 3997 llis
614 3935 698 3996 sddit
712 3955 807 3994 onnoe
822 3935 886 4000 942
899 3952 916 3990 e
932 3932 1049 3990 llilnvio
1066 3930 1104 3988 ed
1117 3926 1251 3987 Abrohee

155 4018 361 4081 mtivitttemt
383 4042 453 4101 ergo
467 4031 538 4082 emit
551 4022 588 4080 eb
597 4019 710 4082 ndsmo
722 4020 760 4078 od
770 4016 918 4078 nbrsnsm
932 4018 1008 4075 moni
1019 4013 1111 4085 3184,
1132 4012 1177 4070 uli
1192 4010 1250 4068 do·

156 4114 225 4166 oeot
238 4103 387 4182 Georgius
398 4128 429 4186 p.
441 4111 493 4174 86.
506 4110 559 4172 87.
574 4110 626 4173 92.
647 4110 719 4172 111.
734 4108 808 4171 326.
827 4102 1026 4181 Hieronymus
1039 4117 1076 4155 ec
1089 4097 1160 4156 'lito
1176 4095 1251 4154 l’ro·

156 4211 226 4272 eper
237 4190 260 4250 l.
273 4209 317 4265 c.,
338 4196 431 4268 stqus
443 4191 510 4270 ipee
523 4189 668 4251 Eusebius
680 4189 713 4248 in
726 4188 879 4271 prooemio
892 4187 930 4246 od
945 4182 1136 4267 posteriorem
1151 4179 1249 4239 chro-

155 4276 297 4337 nicorum
319 4271 433 4334 horum
451 4275 599 4335 versionis
620 4276 728 4336 letinae
742 4294 773 4354 p.
796 4273 853 4347 653
875 4290 943 4331 nnn
958 4271 992 4328 in
1012 4265 1132 4326 Graccis
1147 4264 1253 4323 ultimo

155 4358 249 4423 lruine
271 4357 421 4444 prooemii
438 4358 555 4420 tleeont.
575 4388 618 4405 -
639 4360 676 4420 ln
698 4357 794 4455 priori
813 4356 933 4436 quidem
947 4354 1025 4414 libro
1045 4349 1191 4411 versionis
1204 4346 1253 4405 le·
