2888 5002
466 444 823 522 ANNOTATIONES
1117 431 1191 507 551

97 606 412 687 eccemagnum
426 608 576 671 Pontifex.
603 607 675 668 Post
691 624 803 667 annum
815 601 978 685 Niceplrori
991 601 1066 686 imp.
1079 621 1196 666 nonum

96 692 240 755 Michaeli
263 692 392 773 llangabi
415 703 532 774 sceptra
554 694 730 753 deferuntur
749 689 943 767 moderando,
974 709 1054 749 anno
1072 680 1196 768 Christi,

97 787 137 838 ut
149 786 239 859 putat
252 777 447 860 Theophanes
461 780 533 846 804
553 777 746 840 utilas-onius
761 779 834 844 812.
852 795 910 855 quo
926 772 1114 854 Nicephorus
1131 794 1198 834 no-

97 871 161 922 ster
176 861 380 923 Patriarchaa
395 862 550 923 commissa
566 863 725 943 dignitate,
745 861 841 941 apriti
857 859 989 919 dicamus
1010 878 1124 935 meme,
1145 877 1196 919 so-

96 946 232 1027 ptimum
249 948 349 1028 coepit
362 967 525 1011 recensere.
547 948 650 1008 hunos
667 945 804 1008 nonnihil
820 945 934 1005 duobus
946 945 1046 1004 minus
1058 943 1196 1023 regnavit

96 1029 246 1092 michael:
273 1032 447 1094 bliclmelem
466 1032 584 1113 excepit
605 1034 664 1093 Leo
685 1030 841 1092 Armenius
857 1050 936 1090 enno
954 1049 992 1090 ex
1004 1026 1195 1110 Theophanis

98 1125 245 1196 computo
260 1119 331 1182 806
345 1117 602 1186 exBaronii814
622 1117 785 1177 indictione
802 1115 943 1194 septima,
965 1134 1024 1195 qua
1043 1111 1197 1195 Nicepho-

98 1219 152 1259 rus
169 1202 477 1263 onnuml'rsesulotus
493 1223 607 1263 nonum
622 1202 807 1263 slestivitote
819 1199 1090 1281 Pssehslioccrpits
1105 1218 1198 1279 quare

98 1283 441 1345 cumennoseinovem
456 1288 586 1365 imputet
596 1285 840 1364 Theophanes
831 1286 868 1345 sis
885 1284 1005 1346 nonnisi
1027 1282 1238 1363 completis,l’.
1255 1283 1290 1341 85

97 1368 210 1428 Leonis
232 1369 383 1446 secundo,
406 1368 517 1430 Christi
532 1372 570 1430 ad
583 1369 773 1468 Theophanis
787 1389 928 1429 numeros
942 1373 1014 1436 807.
1027 1369 1065 1428 ad
1077 1367 1199 1428 [loronii

100 1454 175 1520 815
187 1453 362 1515 indictionis
379 1463 501 1515 octavae
516 1454 809 1553 llprili,sb1psp
787 1454 883 1513 leone
897 1453 1039 1513 thronum
1053 1452 1198 1528 deserere,

99 1547 132 1599 et
153 1537 280 1598 exilium
302 1539 340 1598 ob
362 1539 451 1600 iidem
473 1560 542 1618 erga
565 1538 814 1619 sacrasimagines
834 1547 980 1598 servatam
995 1536 1059 1618 pati
1078 1544 1199 1597 coaetus

99 1632 163 1682 est·
186 1623 295 1702 elapsis
318 1626 429 1706 quippo
445 1624 685 1706 quadragesimae
702 1623 826 1700 diebus,
853 1631 882 1682 ct
903 1622 958 1682 sub
976 1620 1127 1683 Pusebetis
1146 1641 1201 1680 so·

99 1706 210 1766 lemnia
224 1709 351 1766 eiectum
371 1718 496 1769 rrarrant
513 1708 702 1786 Theophanis
716 1709 937 1766 continuatum
944 1749 955 1782 ,
981 1726 1034 1765 ruo
1053 1715 1198 1785 tempore,

99 1791 125 1850 si
146 1789 227 1848 Deus
249 1790 380 1867 dederit,
401 1791 434 1849 iu
454 1791 552 1849 lucem
570 1790 740 1854 emittendi:
762 1789 909 1867 iidemque
926 1808 1027 1849 menso
1043 1790 1199 1851 Decembri
1273 1836 1276 1841 Δ

99 1893 182 1933 enno
204 1872 290 1933 iuxto
309 1872 519 1955 Theophanem
537 1895 554 1933 a
575 1874 688 1934 Christi
704 1883 813 1934 exortu
838 1877 911 1941 812.
933 1874 1018 1933 iuxta
1036 1873 1199 1934 Bononiam

99 1961 177 2025 820.
192 1957 357 2018 indictione
374 1963 425 2026 13.
447 1960 575 2019 Leonem
587 1961 749 2019 Armenum
765 1967 833 2040 post
850 1958 968 2038 imperii
982 1979 1076 2019 annos
1087 1968 1200 2039 septem

100 2053 132 2103 et
152 2062 268 2103 menses
290 2044 454 2103 nonnullos
475 2044 607 2103 occisum
630 2045 775 2104 tolerunt.
822 2043 904 2117 Quse
923 2044 1083 2123 praecessit
1102 2054 1201 2103 autem

101 2128 278 2188 solemnitas
296 2128 446 2189 Paschalis
459 2129 529 2189 unsri
541 2129 618 2188 sexti
632 2128 664 2187 in
677 2127 768 2188 exilio
781 2126 918 2186 trahendi
935 2127 1018 2187 dedit
1031 2126 1199 2208 Nicephoro

100 2213 279 2296 primordia.
319 2213 429 2273 Balbus
441 2214 494 2273 ille
508 2213 651 2291 Michael,
674 2213 775 2273 occiso
794 2214 908 2291 Leone,
927 2232 943 2271 e
957 2214 1148 2293 compedibus
1161 2214 1201 2274 nd

101 2297 248 2358 thronum
260 2297 405 2373 evolavit,
427 2308 457 2357 et
471 2308 539 2378 post
551 2319 644 2358 annos
659 2307 729 2357 octo
745 2307 775 2359 et
791 2317 904 2357 menses
919 2297 979 2358 lere
990 2317 1097 2357 novem
1115 2297 1200 2373 obiit,

101 2391 254 2465 potestate
279 2380 446 2463 Theophilo
475 2383 539 2443 silio
563 2383 672 2443 traditu
700 2403 800 2443 mense
826 2382 969 2459 Octobri,
1006 2403 1084 2442 ιιιιιιο
1111 2403 1201 2463 quem

102 2466 301 2548 Theophanes
313 2477 451 2527 numerat
464 2488 480 2525 a
496 2467 614 2527 Christo
628 2475 699 2526 nato
715 2463 788 2535 822.
810 2469 919 2546 quique
932 2467 1061 2527 Bononio
1081 2467 1201 2527 nonnisi

102 2556 177 2618 829.
201 2561 336 2632 putatur,
360 2553 442 2632 quod
459 2552 539 2612 iuter
554 2553 652 2632 ipsum
667 2561 697 2612 et
711 2551 923 2632 Theophanem
939 2555 1085 2612 mensium
1106 2552 1137 2619 4.
1159 2551 1201 2611 rit

102 2637 279 2712 dissidium3
301 2636 359 2696 hoc
378 2658 438 2697 una
457 2657 526 2697 cum
545 2637 710 2697 indictione
729 2658 746 2696 a
763 2636 943 2717 Septembri,
965 2638 1019 2695 illo
1033 2659 1048 2695 a
1062 2635 1200 2695 Ianuario

102 2742 176 2780 ιιιιιι
167 2722 528 2780 decursumemetiente.
571 2722 599 2781 ls
616 2733 715 2780 autem
731 2722 780 2780 vel
799 2719 956 2781 Graecus
947 2720 1061 2794 iniens,
1082 2719 1200 2778 vellu-

100 2806 201 2865 lianus
215 2824 292 2883 pene
311 2806 478 2881 declinans,
500 2805 580 2864 idem
594 2814 637 2863 est
643 2803 725 2882 ,qui
739 2815 808 2884 post
823 2824 916 2863 annor
933 2804 1161 2883 quatuordeeim
1181 2824 1200 2864 a

101 2887 298 2967 Nicephoro
288 2907 320 2945 ιιι
335 2889 417 2947 exilii
429 2848 653 2948 calamitatibus
663 2898 783 2949 exactos
805 2887 942 2971 (totidem
955 2889 1034 2949 enirn
1048 2897 1202 2949 enumeret

102 2974 235 3033 eiusdem
257 2975 384 3032 neminis
405 2973 599 3055 Theophanes
622 2975 717 3051 alter,
743 2974 808 3034 eius
828 2973 970 3034 historiae
987 2985 1016 3036 et
1031 2974 1201 3035 tralationis

102 3057 346 3138 compendiarias
365 3057 476 3119 author
498 3061 536 3119 ad
559 3057 658 3120 Martii
681 3020 760 3120 diem
783 3059 863 3125 13.
854 3079 887 3118 ιιι
908 3059 988 3118 Surii
1010 3055 1200 3138 collectione)

102 3141 269 3223 Niceplrori
284 3152 378 3202 morte
393 3142 470 3202 lunii
483 3147 534 3210 13.
557 3164 617 3223 quo
634 3144 743 3203 festum
760 3143 822 3203 eius
837 3143 968 3202 Ecclesia
989 3143 1102 3200 Graeca
1118 3141 1199 3201 cele-

103 3229 172 3289 brat
182 3227 453 3305 ,insignitussuit
496 3226 935 3306 Quatuoeergosolosmensos
952 3226 1196 3286 antelialbieln·
1215 3239 1296 3297 ΗΒ

104 3324 170 3374 turn
195 3316 302 3385 sunus,
333 3322 363 3371 et
384 3312 550 3391 Theophilo
573 3311 737 3371 dolatum'
728 3311 882 3389 imperium
908 3308 1096 3390 Nicephorur
1116 3311 1198 3372 letho

105 3401 229 3460 iunctus
254 3404 314 3470 est,
342 3416 402 3474 quo
421 3406 568 3475 tempore,
596 3394 645 3455 vel
666 3393 786 3452 modico
805 3403 904 3494 post,
911 3393 1014 3454 debuit
1020 3397 1104 3476 ,qui
1123 3417 1200 3478 opus

105 3485 244 3544 manibus
257 3483 376 3560 excepit
389 3480 421 3537 in
434 3480 554 3539 titulum
573 3479 733 3560 praefigere
747 3478 836 3579 μέχρι
849 3471 967 3579 χρόνιιν
986 3443 1127 3561 Mlznril,
1148 3480 1200 3544 sol

108 3571 260 3646 Θεοφίλου
277 3564 349 3629 υἱοῦ
370 3559 480 3640 adsui,
508 3563 591 3643 quod
616 3564 700 3623 illius
720 3563 856 3646 auspicia
883 3565 996 3645 prims,
1025 3564 1107 3626 illius
1126 3586 1199 3627 vero

106 3653 197 3713 sruem
220 3652 361 3711 ultimum
380 3649 444 3711 eius
466 3610 584 3712 hutbor
607 3648 795 3731 Nicephorus
824 3648 995 3713 Patriareha
1017 3670 1094 3731 pene
1119 3671 1199 3712 eon-

107 3738 248 3819 spexerit.
