<?xml version="1.0" encoding="UTF-8"?>
<!DOCTYPE html PUBLIC "-//W3C//DTD XHTML 1.0 Transitional//EN"
    "http://www.w3.org/TR/xhtml1/DTD/xhtml1-transitional.dtd">
<html xmlns="http://www.w3.org/1999/xhtml" xml:lang="en" lang="en">
 <head>
  <title>
</title>
<meta http-equiv="Content-Type" content="text/html;charset=utf-8" />
  <meta name='ocr-system' content='tesseract 3.04.00' />
  <meta name='ocr-capabilities' content='ocr_page ocr_carea ocr_par ocr_line ocrx_word'/>
</head>
<body>
  <div class='ocr_page' id='page_1' title='image "./corpusscriptoru10berlgoog_0032.png"; bbox 0 0 2946 4996; ppageno 0'>
   <div class='ocr_carea' id='block_1_1' title="bbox 527 411 1227 485">
    <p class='ocr_par' dir='ltr' id='par_1_1' title="bbox 527 411 1227 485">
     <span class='ocr_line' id='line_1_1' title="bbox 527 411 1227 485; baseline 0.001 -5"><span class='ocrx_word' id='word_1_1' title='bbox 527 411 824 485; x_wconf 84' lang='lat' dir='ltr'>DlSSERTATIO.</span> <span class='ocrx_word' id='word_1_2' title='bbox 1178 412 1227 481; x_wconf 72' lang='grc'>21</span> 
     </span>
    </p>
   </div>
   <div class='ocr_carea' id='block_1_2' title="bbox 131 569 1227 1162">
    <p class='ocr_par' dir='ltr' id='par_1_2' title="bbox 131 569 1227 1162">
     <span class='ocr_line' id='line_1_2' title="bbox 138 569 1227 655; baseline 0.005 -24"><span class='ocrx_word' id='word_1_3' title='bbox 138 571 199 653; x_wconf 79' lang='lat' dir='ltr'>gius</span> <span class='ocrx_word' id='word_1_4' title='bbox 215 570 343 631; x_wconf 81' lang='lat' dir='ltr'>Euaeliio</span> <span class='ocrx_word' id='word_1_5' title='bbox 360 571 481 651; x_wconf 76' lang='lat' dir='ltr'>trdsuit,</span> <span class='ocrx_word' id='word_1_6' title='bbox 502 591 564 632; x_wconf 94' lang='lat' dir='ltr'>non</span> <span class='ocrx_word' id='word_1_7' title='bbox 576 593 648 634; x_wconf 83' lang='lat' dir='ltr'>vero</span> <span class='ocrx_word' id='word_1_8' title='bbox 660 572 755 648; x_wconf 88' lang='lat' dir='ltr'>illam,</span> <span class='ocrx_word' id='word_1_9' title='bbox 775 571 970 634; x_wconf 82' lang='lat' dir='ltr'>Matlsusalam</span> <span class='ocrx_word' id='word_1_10' title='bbox 984 569 1155 655; x_wconf 66' lang='lat' dir='ltr'>sinepdquas</span> <span class='ocrx_word' id='word_1_11' title='bbox 1176 571 1227 636; x_wconf 74' lang='lat' dir='ltr'>sia</span> 
     </span>
     <span class='ocr_line' id='line_1_3' title="bbox 137 652 1225 740; baseline -0.001 -22"><span class='ocrx_word' id='word_1_12' title='bbox 137 652 354 735; x_wconf 69' lang='lat' dir='ltr'>amasiuopiaq</span> <span class='ocrx_word' id='word_1_13' title='bbox 383 667 413 716; x_wconf 86' lang='grc'>11</span> <span class='ocrx_word' id='word_1_14' title='bbox 434 659 466 716; x_wconf 91' lang='lat' dir='ltr'>in</span> <span class='ocrx_word' id='word_1_15' title='bbox 490 659 680 736; x_wconf 70' lang='lat' dir='ltr'>sequentibus</span> <span class='ocrx_word' id='word_1_16' title='bbox 694 659 781 718; x_wconf 88' lang='lat' dir='ltr'>lineis</span> <span class='ocrx_word' id='word_1_17' title='bbox 793 678 860 740; x_wconf 78' lang='lat' dir='ltr'><strong>pag.</strong></span> <span class='ocrx_word' id='word_1_18' title='bbox 884 665 934 725; x_wconf 91' lang='grc'>20.</span> <span class='ocrx_word' id='word_1_19' title='bbox 959 659 1103 735; x_wconf 76' lang='lat' dir='ltr'>Georgius</span> <span class='ocrx_word' id='word_1_20' title='bbox 1127 660 1225 717; x_wconf 86' lang='lat' dir='ltr'>solum</span> 
     </span>
     <span class='ocr_line' id='line_1_4' title="bbox 137 740 1225 824; baseline -0.001 -27"><span class='ocrx_word' id='word_1_21' title='bbox 137 749 237 799; x_wconf 89' lang='lat' dir='ltr'>contra</span> <span class='ocrx_word' id='word_1_22' title='bbox 261 740 384 798; x_wconf 79' lang='lat' dir='ltr'>brevius</span> <span class='ocrx_word' id='word_1_23' title='bbox 402 742 482 800; x_wconf 86' lang='lat' dir='ltr'>vitae</span> <span class='ocrx_word' id='word_1_24' title='bbox 502 743 641 822; x_wconf 61' lang='lat' dir='ltr'>spatium?</span> <span class='ocrx_word' id='word_1_25' title='bbox 647 753 777 824; x_wconf 74' lang='lat' dir='ltr'>pugnat,</span> <span class='ocrx_word' id='word_1_26' title='bbox 799 742 880 822; x_wconf 89' lang='lat' dir='ltr'>quod</span> <span class='ocrx_word' id='word_1_27' title='bbox 896 742 1074 803; x_wconf 72' lang='lat' dir='ltr'><strong>Mathusalae</strong></span> <span class='ocrx_word' id='word_1_28' title='bbox 1088 742 1225 801; x_wconf 87' lang='lat' dir='ltr'>tribucn.</span> 
     </span>
     <span class='ocr_line' id='line_1_5' title="bbox 136 824 1226 909; baseline 0.006 -26"><span class='ocrx_word' id='word_1_29' title='bbox 136 824 204 883; x_wconf 85' lang='lat' dir='ltr'>dum</span> <span class='ocrx_word' id='word_1_30' title='bbox 222 843 285 884; x_wconf 85' lang='lat' dir='ltr'>ease</span> <span class='ocrx_word' id='word_1_31' title='bbox 299 826 437 884; x_wconf 84' lang='lat' dir='ltr'>nonnulli</span> <span class='ocrx_word' id='word_1_32' title='bbox 461 827 642 905; x_wconf 85' lang='lat' dir='ltr'>putaverint.</span> <span class='ocrx_word' id='word_1_33' title='bbox 684 828 835 887; x_wconf 85' lang='lat' dir='ltr'>Praeterea</span> <span class='ocrx_word' id='word_1_34' title='bbox 851 848 919 909; x_wconf 80' lang='lat' dir='ltr'>pag.</span> <span class='ocrx_word' id='word_1_35' title='bbox 935 833 985 894; x_wconf 91' lang='grc'>20.</span> <span class='ocrx_word' id='word_1_36' title='bbox 996 831 1093 889; x_wconf 71' lang='grc' dir='ltr'><strong><em>,πᾶσιν</em></strong></span> <span class='ocrx_word' id='word_1_37' title='bbox 1117 824 1226 905; x_wconf 72' lang='lat' dir='ltr'>duola-</span> 
     </span>
     <span class='ocr_line' id='line_1_6' title="bbox 135 902 1226 991; baseline 0.002 -21"><span class='ocrx_word' id='word_1_38' title='bbox 135 902 283 990; x_wconf 67' lang='grc' dir='ltr'>γούμενόν</span> <span class='ocrx_word' id='word_1_39' title='bbox 297 908 374 988; x_wconf 81' lang='lat' dir='ltr'>losa,</span> <span class='ocrx_word' id='word_1_40' title='bbox 397 909 487 989; x_wconf 79' lang='lat' dir='ltr'>opud</span> <span class='ocrx_word' id='word_1_41' title='bbox 498 932 597 969; x_wconf 82' lang='lat' dir='ltr'>omnes</span> <span class='ocrx_word' id='word_1_42' title='bbox 604 933 664 991; x_wconf 82' lang='lat' dir='ltr'>pro</span> <span class='ocrx_word' id='word_1_43' title='bbox 678 914 811 987; x_wconf 76' lang='lat' dir='ltr'>confesso</span> <span class='ocrx_word' id='word_1_44' title='bbox 826 912 969 988; x_wconf 73' lang='lat' dir='ltr'>irruatur,</span> <span class='ocrx_word' id='word_1_45' title='bbox 989 909 1180 971; x_wconf 71' lang='lat' dir='ltr'><strong>mathusalam</strong></span> <span class='ocrx_word' id='word_1_46' title='bbox 1195 920 1226 972; x_wconf 93' lang='lat' dir='ltr'>et</span> 
     </span>
     <span class='ocr_line' id='line_1_7' title="bbox 135 992 1224 1078; baseline 0.005 -28"><span class='ocrx_word' id='word_1_47' title='bbox 135 992 334 1071; x_wconf 78' lang='lat' dir='ltr'>longissimam</span> <span class='ocrx_word' id='word_1_48' title='bbox 349 1013 422 1074; x_wconf 86' lang='lat' dir='ltr'>prae</span> <span class='ocrx_word' id='word_1_49' title='bbox 435 995 556 1074; x_wconf 79' lang='lat' dir='ltr'><strong>reliquia</strong></span> <span class='ocrx_word' id='word_1_50' title='bbox 567 994 738 1055; x_wconf 76' lang='lat' dir='ltr'>horninibus</span> <span class='ocrx_word' id='word_1_51' title='bbox 750 997 841 1057; x_wconf 78' lang='lat' dir='ltr'>silaus</span> <span class='ocrx_word' id='word_1_52' title='bbox 850 995 994 1078; x_wconf 70' lang='lat' dir='ltr'>peregisse</span> <span class='ocrx_word' id='word_1_53' title='bbox 1010 1007 1046 1054; x_wconf 84' lang='lat' dir='ltr'>et</span> <span class='ocrx_word' id='word_1_54' title='bbox 1061 993 1102 1053; x_wconf 83' lang='lat' dir='ltr'>di</span> <span class='ocrx_word' id='word_1_55' title='bbox 1110 995 1224 1055; x_wconf 79' lang='lat' dir='ltr'>lavia</span> 
     </span>
     <span class='ocr_line' id='line_1_8' title="bbox 131 1077 1225 1162; baseline 0.003 -28"><span class='ocrx_word' id='word_1_56' title='bbox 131 1079 221 1155; x_wconf 84' lang='lat' dir='ltr'>peri</span> <span class='ocrx_word' id='word_1_57' title='bbox 227 1080 241 1134; x_wconf 88' lang='lat' dir='ltr'>i</span> <span class='ocrx_word' id='word_1_58' title='bbox 249 1100 319 1138; x_wconf 83' lang='lat' dir='ltr'>asc.</span> <span class='ocrx_word' id='word_1_59' title='bbox 361 1078 461 1156; x_wconf 87' lang='lat' dir='ltr'>(Unde</span> <span class='ocrx_word' id='word_1_60' title='bbox 477 1079 555 1139; x_wconf 81' lang='lat' dir='ltr'>lianc</span> <span class='ocrx_word' id='word_1_61' title='bbox 569 1081 676 1139; x_wconf 83' lang='lat' dir='ltr'>sarnam</span> <span class='ocrx_word' id='word_1_62' title='bbox 687 1081 872 1162; x_wconf 81' lang='lat' dir='ltr'>perceperit,</span> <span class='ocrx_word' id='word_1_63' title='bbox 899 1077 1023 1161; x_wconf 87' lang='lat' dir='ltr'>nescio).</span> <span class='ocrx_word' id='word_1_64' title='bbox 1066 1079 1158 1153; x_wconf 74' lang='lat' dir='ltr'>igilur</span> <span class='ocrx_word' id='word_1_65' title='bbox 1170 1099 1225 1138; x_wconf 89' lang='lat' dir='ltr'>su-</span> 
     </span>
    </p>
   </div>
   <div class='ocr_carea' id='block_1_3' title="bbox 125 1161 1282 4018">
    <p class='ocr_par' dir='ltr' id='par_1_3' title="bbox 133 1161 1224 1494">
     <span class='ocr_line' id='line_1_9' title="bbox 135 1161 1224 1241; baseline 0.004 -22"><span class='ocrx_word' id='word_1_66' title='bbox 135 1162 284 1241; x_wconf 87' lang='lat' dir='ltr'>spicatur,</span> <span class='ocrx_word' id='word_1_67' title='bbox 306 1161 500 1223; x_wconf 78' lang='lat' dir='ltr'>llstltusalasn</span> <span class='ocrx_word' id='word_1_68' title='bbox 520 1185 581 1224; x_wconf 92' lang='lat' dir='ltr'>non</span> <span class='ocrx_word' id='word_1_69' title='bbox 596 1186 675 1225; x_wconf 91' lang='lat' dir='ltr'>anno</span> <span class='ocrx_word' id='word_1_70' title='bbox 692 1165 795 1224; x_wconf 86' lang='lat' dir='ltr'>mundi</span> <span class='ocrx_word' id='word_1_71' title='bbox 824 1169 919 1240; x_wconf 83' lang='grc'><strong>1281,</strong></span> <span class='ocrx_word' id='word_1_72' title='bbox 941 1164 992 1222; x_wconf 88' lang='lat' dir='ltr'>sed</span> <span class='ocrx_word' id='word_1_73' title='bbox 1015 1167 1098 1230; x_wconf 79' lang='lat'><strong>1273</strong></span> <span class='ocrx_word' id='word_1_74' title='bbox 1120 1173 1224 1223; x_wconf 84' lang='lat' dir='ltr'>natum</span> 
     </span>
     <span class='ocr_line' id='line_1_10' title="bbox 134 1245 1223 1326; baseline -0.001 -22"><span class='ocrx_word' id='word_1_75' title='bbox 134 1264 207 1305; x_wconf 90' lang='lat' dir='ltr'>esse:</span> <span class='ocrx_word' id='word_1_76' title='bbox 220 1245 292 1305; x_wconf 89' lang='lat' dir='ltr'>huic</span> <span class='ocrx_word' id='word_1_77' title='bbox 300 1267 427 1326; x_wconf 86' lang='lat' dir='ltr'>namque</span> <span class='ocrx_word' id='word_1_78' title='bbox 438 1253 499 1313; x_wconf 82' lang='lat'>969</span> <span class='ocrx_word' id='word_1_79' title='bbox 509 1248 579 1306; x_wconf 89' lang='lat' dir='ltr'>anni</span> <span class='ocrx_word' id='word_1_80' title='bbox 589 1249 668 1307; x_wconf 87' lang='lat' dir='ltr'>vitae</span> <span class='ocrx_word' id='word_1_81' title='bbox 678 1247 858 1308; x_wconf 77' lang='lat' dir='ltr'><strong>Mathusalae</strong></span> <span class='ocrx_word' id='word_1_82' title='bbox 869 1246 1021 1307; x_wconf 91' lang='lat' dir='ltr'>coniuncti</span> <span class='ocrx_word' id='word_1_83' title='bbox 1032 1247 1162 1305; x_wconf 84' lang='lat' dir='ltr'>reddunt</span> <span class='ocrx_word' id='word_1_84' title='bbox 1171 1268 1223 1305; x_wconf 91' lang='lat' dir='ltr'>an.</span> 
     </span>
     <span class='ocr_line' id='line_1_11' title="bbox 133 1329 1222 1410; baseline 0 -21"><span class='ocrx_word' id='word_1_85' title='bbox 133 1349 204 1389; x_wconf 88' lang='lat' dir='ltr'>num</span> <span class='ocrx_word' id='word_1_86' title='bbox 214 1329 261 1389; x_wconf 85' lang='lat' dir='ltr'>bis</span> <span class='ocrx_word' id='word_1_87' title='bbox 276 1331 461 1389; x_wconf 84' lang='lat' dir='ltr'>millesimum</span> <span class='ocrx_word' id='word_1_88' title='bbox 476 1331 706 1391; x_wconf 87' lang='lat' dir='ltr'>ducentesimum</span> <span class='ocrx_word' id='word_1_89' title='bbox 719 1331 972 1410; x_wconf 79' lang='lat' dir='ltr'>quadragesimum</span> <span class='ocrx_word' id='word_1_90' title='bbox 988 1329 1166 1406; x_wconf 83' lang='lat' dir='ltr'>secuudum,</span> <span class='ocrx_word' id='word_1_91' title='bbox 1188 1331 1222 1389; x_wconf 92' lang='lat' dir='ltr'>in</span> 
     </span>
     <span class='ocr_line' id='line_1_12' title="bbox 133 1413 1222 1494; baseline -0.001 -21"><span class='ocrx_word' id='word_1_92' title='bbox 133 1434 217 1493; x_wconf 87' lang='lat' dir='ltr'>quem</span> <span class='ocrx_word' id='word_1_93' title='bbox 229 1432 340 1472; x_wconf 85' lang='lat' dir='ltr'>annuus</span> <span class='ocrx_word' id='word_1_94' title='bbox 349 1414 495 1472; x_wconf 79' lang='lat' dir='ltr'>diluvium</span> <span class='ocrx_word' id='word_1_95' title='bbox 506 1434 626 1494; x_wconf 90' lang='lat' dir='ltr'>quoque</span> <span class='ocrx_word' id='word_1_96' title='bbox 637 1415 775 1489; x_wconf 85' lang='lat' dir='ltr'>incurrit,</span> <span class='ocrx_word' id='word_1_97' title='bbox 787 1436 845 1492; x_wconf 91' lang='lat' dir='ltr'>quo</span> <span class='ocrx_word' id='word_1_98' title='bbox 853 1413 1017 1473; x_wconf 83' lang='lat' dir='ltr'>llatlsusala</span> <span class='ocrx_word' id='word_1_99' title='bbox 1028 1414 1160 1477; x_wconf 81' lang='lat' dir='ltr'>sublatus</span> <span class='ocrx_word' id='word_1_100' title='bbox 1169 1425 1222 1478; x_wconf 89' lang='lat' dir='ltr'>est.</span> 
     </span>
    </p>

    <p class='ocr_par' dir='ltr' id='par_1_4' title="bbox 129 1498 1282 2175">
     <span class='ocr_line' id='line_1_13' title="bbox 209 1498 1219 1578; baseline -0.003 -20"><span class='ocrx_word' id='word_1_101' title='bbox 209 1498 284 1558; x_wconf 87' lang='lat' dir='ltr'>llain</span> <span class='ocrx_word' id='word_1_102' title='bbox 305 1517 374 1578; x_wconf 79' lang='lat' dir='ltr'><strong>pag.</strong></span> <span class='ocrx_word' id='word_1_103' title='bbox 397 1506 448 1565; x_wconf 83' lang='grc'>22.</span> <span class='ocrx_word' id='word_1_104' title='bbox 471 1499 505 1557; x_wconf 84' lang='grc'>11.</span> <span class='ocrx_word' id='word_1_105' title='bbox 532 1499 655 1578; x_wconf 76' lang='lat' dir='ltr'>legitur:</span> <span class='ocrx_word' id='word_1_106' title='bbox 683 1500 796 1575; x_wconf 76' lang='lat' dir='ltr'>„Anno</span> <span class='ocrx_word' id='word_1_107' title='bbox 818 1498 1080 1565; x_wconf 65' lang='lat' dir='ltr'>attenterimus</span> <span class='ocrx_word' id='word_1_108' title='bbox 1106 1499 1219 1557; x_wconf 89' lang='lat' dir='ltr'>obiit.“</span> 
     </span>
     <span class='ocr_line' id='line_1_14' title="bbox 133 1581 1282 1662; baseline 0 -23"><span class='ocrx_word' id='word_1_109' title='bbox 133 1581 216 1642; x_wconf 88' lang='lat' dir='ltr'>Ordo</span> <span class='ocrx_word' id='word_1_110' title='bbox 242 1602 434 1642; x_wconf 84' lang='lat' dir='ltr'>numerorum</span> <span class='ocrx_word' id='word_1_111' title='bbox 456 1582 583 1662; x_wconf 89' lang='lat' dir='ltr'>probat,</span> <span class='ocrx_word' id='word_1_112' title='bbox 610 1581 758 1643; x_wconf 84' lang='lat' dir='ltr'>hocloco</span> <span class='ocrx_word' id='word_1_113' title='bbox 780 1584 1121 1643; x_wconf 83' lang='lat' dir='ltr'>erroremscribscnon</span> <span class='ocrx_word' id='word_1_114' title='bbox 1143 1602 1219 1657; x_wconf 85' lang='lat' dir='ltr'>essc;</span> <span class='ocrx_word' id='word_1_115' title='bbox 1279 1649 1282 1655; x_wconf 34' lang='lat'>,</span> 
     </span>
     <span class='ocr_line' id='line_1_15' title="bbox 132 1666 1220 1746; baseline 0 -22"><span class='ocrx_word' id='word_1_116' title='bbox 132 1666 278 1746; x_wconf 78' lang='lat' dir='ltr'>Georgius</span> <span class='ocrx_word' id='word_1_117' title='bbox 297 1687 383 1739; x_wconf 86' lang='lat' dir='ltr'>varo,</span> <span class='ocrx_word' id='word_1_118' title='bbox 405 1669 517 1727; x_wconf 81' lang='lat' dir='ltr'>fontem</span> <span class='ocrx_word' id='word_1_119' title='bbox 538 1668 672 1727; x_wconf 82' lang='lat' dir='ltr'>indicare</span> <span class='ocrx_word' id='word_1_120' title='bbox 688 1668 812 1740; x_wconf 87' lang='lat' dir='ltr'>oblitus,</span> <span class='ocrx_word' id='word_1_121' title='bbox 834 1667 916 1726; x_wconf 85' lang='lat' dir='ltr'>liunc</span> <span class='ocrx_word' id='word_1_122' title='bbox 934 1687 1088 1728; x_wconf 87' lang='lat' dir='ltr'>numerum</span> <span class='ocrx_word' id='word_1_123' title='bbox 1104 1686 1143 1727; x_wconf 80' lang='lat' dir='ltr'>ex</span> <span class='ocrx_word' id='word_1_124' title='bbox 1156 1666 1220 1725; x_wconf 82' lang='lat' dir='ltr'>Eu·</span> 
     </span>
     <span class='ocr_line' id='line_1_16' title="bbox 130 1749 1219 1832; baseline 0 -23"><span class='ocrx_word' id='word_1_125' title='bbox 130 1749 210 1810; x_wconf 86' lang='lat' dir='ltr'>sebio</span> <span class='ocrx_word' id='word_1_126' title='bbox 223 1751 339 1828; x_wconf 86' lang='lat' dir='ltr'>sumsit,</span> <span class='ocrx_word' id='word_1_127' title='bbox 356 1752 402 1810; x_wconf 91' lang='lat' dir='ltr'>uti</span> <span class='ocrx_word' id='word_1_128' title='bbox 414 1752 532 1832; x_wconf 89' lang='lat' dir='ltr'>saepius</span> <span class='ocrx_word' id='word_1_129' title='bbox 547 1754 672 1812; x_wconf 86' lang='lat' dir='ltr'>aliorum</span> <span class='ocrx_word' id='word_1_130' title='bbox 687 1750 877 1827; x_wconf 88' lang='lat' dir='ltr'>computandi</span> <span class='ocrx_word' id='word_1_131' title='bbox 890 1751 1029 1826; x_wconf 86' lang='lat' dir='ltr'>rationes,</span> <span class='ocrx_word' id='word_1_132' title='bbox 1042 1769 1219 1829; x_wconf 88' lang='lat' dir='ltr'>quamquam</span> 
     </span>
     <span class='ocr_line' id='line_1_17' title="bbox 131 1832 1218 1916; baseline 0 -24"><span class='ocrx_word' id='word_1_133' title='bbox 131 1853 177 1892; x_wconf 84' lang='lat' dir='ltr'>eas</span> <span class='ocrx_word' id='word_1_134' title='bbox 198 1855 261 1893; x_wconf 87' lang='lat' dir='ltr'>nou</span> <span class='ocrx_word' id='word_1_135' title='bbox 283 1835 404 1916; x_wconf 86' lang='lat' dir='ltr'>probet,</span> <span class='ocrx_word' id='word_1_136' title='bbox 434 1836 547 1895; x_wconf 88' lang='lat' dir='ltr'>inserit.</span> <span class='ocrx_word' id='word_1_137' title='bbox 587 1834 706 1893; x_wconf 67' lang='lat' dir='ltr'>Nam-‘si</span> <span class='ocrx_word' id='word_1_138' title='bbox 729 1832 894 1892; x_wconf 79' lang='lat' dir='ltr'>Mathusala</span> <span class='ocrx_word' id='word_1_139' title='bbox 911 1833 945 1893; x_wconf 76' lang='grc'>,1.</span> <span class='ocrx_word' id='word_1_140' title='bbox 969 1834 1008 1893; x_wconf 88' lang='lat' dir='ltr'>tt.</span> <span class='ocrx_word' id='word_1_141' title='bbox 1029 1836 1109 1900; x_wconf 82' lang='grc'><strong>1287</strong></span> <span class='ocrx_word' id='word_1_142' title='bbox 1130 1843 1218 1892; x_wconf 89' lang='lat' dir='ltr'>natus</span> 
     </span>
     <span class='ocr_line' id='line_1_18' title="bbox 130 1914 1218 1997; baseline -0.001 -20"><span class='ocrx_word' id='word_1_143' title='bbox 130 1928 193 1991; x_wconf 71' lang='lat' dir='ltr'>est,</span> <span class='ocrx_word' id='word_1_144' title='bbox 215 1928 246 1977; x_wconf 90' lang='lat' dir='ltr'>et</span> <span class='ocrx_word' id='word_1_145' title='bbox 259 1939 336 1976; x_wconf 91' lang='lat' dir='ltr'>anno</span> <span class='ocrx_word' id='word_1_146' title='bbox 353 1918 433 1976; x_wconf 84' lang='lat' dir='ltr'>vitse</span> <span class='ocrx_word' id='word_1_147' title='bbox 448 1914 574 1982; x_wconf 75' lang='grc'><strong>1671111</strong></span> <span class='ocrx_word' id='word_1_148' title='bbox 588 1917 715 1976; x_wconf 81' lang='lat' dir='ltr'>Lamech</span> <span class='ocrx_word' id='word_1_149' title='bbox 729 1918 849 1996; x_wconf 82' lang='lat' dir='ltr'>genuit,</span> <span class='ocrx_word' id='word_1_150' title='bbox 870 1922 976 1983; x_wconf 83' lang='grc'><strong>11782</strong></span> <span class='ocrx_word' id='word_1_151' title='bbox 991 1925 1058 1996; x_wconf 87' lang='lat' dir='ltr'>post</span> <span class='ocrx_word' id='word_1_152' title='bbox 1076 1937 1218 1997; x_wconf 88' lang='lat' dir='ltr'>procrea-</span> 
     </span>
     <span class='ocr_line' id='line_1_19' title="bbox 129 2000 1216 2077; baseline 0.004 -17"><span class='ocrx_word' id='word_1_153' title='bbox 129 2002 236 2060; x_wconf 89' lang='lat' dir='ltr'>tionem</span> <span class='ocrx_word' id='word_1_154' title='bbox 253 2005 310 2064; x_wconf 75' lang='lat' dir='ltr'>soii</span> <span class='ocrx_word' id='word_1_155' title='bbox 325 2000 450 2061; x_wconf 76' lang='lat' dir='ltr'>lamech</span> <span class='ocrx_word' id='word_1_156' title='bbox 467 2001 567 2077; x_wconf 79' lang='lat' dir='ltr'>vixit3</span> <span class='ocrx_word' id='word_1_157' title='bbox 586 2012 721 2063; x_wconf 83' lang='lat' dir='ltr'>mortuus</span> <span class='ocrx_word' id='word_1_158' title='bbox 737 2011 781 2062; x_wconf 87' lang='grc'>111</span> <span class='ocrx_word' id='word_1_159' title='bbox 796 2021 874 2062; x_wconf 93' lang='lat' dir='ltr'>anno</span> <span class='ocrx_word' id='word_1_160' title='bbox 889 2002 1060 2072; x_wconf 72' lang='grc'><strong>11111919,</strong></span> <span class='ocrx_word' id='word_1_161' title='bbox 1083 2011 1113 2062; x_wconf 85' lang='grc'>11</span> <span class='ocrx_word' id='word_1_162' title='bbox 1127 2002 1161 2063; x_wconf 77' lang='grc' dir='ltr'>Α.</span> <span class='ocrx_word' id='word_1_163' title='bbox 1177 2000 1216 2064; x_wconf 82' lang='grc' dir='ltr'>Μ.</span> 
     </span>
     <span class='ocr_line' id='line_1_20' title="bbox 130 2079 1189 2175; baseline 0 -24"><span class='ocrx_word' id='word_1_164' title='bbox 130 2079 227 2169; x_wconf 80' lang='lat'><strong>(1287</strong></span> <span class='ocrx_word' id='word_1_165' title='bbox 241 2082 275 2154; x_wconf 91' lang='lat' dir='ltr'>·l·</span> <span class='ocrx_word' id='word_1_166' title='bbox 290 2087 352 2153; x_wconf 79' lang='lat'>949</span> <span class='ocrx_word' id='word_1_167' title='bbox 366 2084 420 2165; x_wconf 88' lang='lat'>=)</span> <span class='ocrx_word' id='word_1_168' title='bbox 434 2090 527 2152; x_wconf 77' lang='lat'><strong>2236.</strong></span> <span class='ocrx_word' id='word_1_169' title='bbox 1182 2162 1189 2175; x_wconf 42' lang='lat'><strong>·</strong></span> 
     </span>
    </p>

    <p class='ocr_par' dir='ltr' id='par_1_5' title="bbox 128 2168 1217 2673">
     <span class='ocr_line' id='line_1_21' title="bbox 201 2168 1216 2248; baseline 0.003 -19"><span class='ocrx_word' id='word_1_170' title='bbox 201 2170 270 2248; x_wconf 75' lang='lat' dir='ltr'>Peg.</span> <span class='ocrx_word' id='word_1_171' title='bbox 285 2173 355 2236; x_wconf 77' lang='lat'>114.</span> <span class='ocrx_word' id='word_1_172' title='bbox 371 2169 447 2233; x_wconf 53' lang='lat' dir='ltr'>AB.</span> <span class='ocrx_word' id='word_1_173' title='bbox 467 2179 567 2229; x_wconf 85' lang='lat' dir='ltr'>sutem</span> <span class='ocrx_word' id='word_1_174' title='bbox 587 2168 757 2230; x_wconf 79' lang='lat' dir='ltr'>traditionis</span> <span class='ocrx_word' id='word_1_175' title='bbox 772 2169 962 2248; x_wconf 86' lang='lat' dir='ltr'>illius,quam</span> <span class='ocrx_word' id='word_1_176' title='bbox 977 2175 1100 2248; x_wconf 77' lang='lat' dir='ltr'><strong>pag.20.</strong></span> <span class='ocrx_word' id='word_1_177' title='bbox 1115 2191 1216 2232; x_wconf 87' lang='lat' dir='ltr'>ornnes</span> 
     </span>
     <span class='ocr_line' id='line_1_22' title="bbox 129 2252 1215 2334; baseline 0.001 -21"><span class='ocrx_word' id='word_1_178' title='bbox 129 2254 322 2314; x_wconf 83' lang='lat' dir='ltr'>certissimam</span> <span class='ocrx_word' id='word_1_179' title='bbox 340 2275 400 2313; x_wconf 93' lang='lat' dir='ltr'>esse</span> <span class='ocrx_word' id='word_1_180' title='bbox 416 2253 609 2334; x_wconf 84' lang='lat' dir='ltr'>profitentur,</span> <span class='ocrx_word' id='word_1_181' title='bbox 631 2252 705 2314; x_wconf 89' lang='lat' dir='ltr'>adeo</span> <span class='ocrx_word' id='word_1_182' title='bbox 725 2253 838 2313; x_wconf 86' lang='lat' dir='ltr'>oblitus</span> <span class='ocrx_word' id='word_1_183' title='bbox 854 2263 916 2324; x_wconf 87' lang='lat' dir='ltr'>est,</span> <span class='ocrx_word' id='word_1_184' title='bbox 936 2262 972 2312; x_wconf 91' lang='lat' dir='ltr'>ut</span> <span class='ocrx_word' id='word_1_185' title='bbox 989 2274 1006 2311; x_wconf 93' lang='lat' dir='ltr'><strong>a</strong></span> <span class='ocrx_word' id='word_1_186' title='bbox 1022 2254 1146 2315; x_wconf 84' lang='lat' dir='ltr'>veritate</span> <span class='ocrx_word' id='word_1_187' title='bbox 1159 2255 1215 2314; x_wconf 89' lang='lat' dir='ltr'><strong>ab·</strong></span> 
     </span>
     <span class='ocr_line' id='line_1_23' title="bbox 128 2335 1216 2419; baseline 0.003 -23"><span class='ocrx_word' id='word_1_188' title='bbox 128 2336 249 2399; x_wconf 79' lang='lat' dir='ltr'>horrere</span> <span class='ocrx_word' id='word_1_189' title='bbox 265 2340 292 2398; x_wconf 88' lang='lat' dir='ltr'>ei</span> <span class='ocrx_word' id='word_1_190' title='bbox 313 2358 374 2396; x_wconf 88' lang='lat' dir='ltr'>non</span> <span class='ocrx_word' id='word_1_191' title='bbox 389 2338 540 2412; x_wconf 87' lang='lat' dir='ltr'>videatur,</span> <span class='ocrx_word' id='word_1_192' title='bbox 565 2336 758 2396; x_wconf 83' lang='lat' dir='ltr'>Mstliusalam</span> <span class='ocrx_word' id='word_1_193' title='bbox 779 2341 869 2397; x_wconf 73' lang='lat' dir='ltr'>minis</span> <span class='ocrx_word' id='word_1_194' title='bbox 883 2335 1055 2418; x_wconf 79' lang='lat' dir='ltr'>quindecim</span> <span class='ocrx_word' id='word_1_195' title='bbox 1071 2336 1113 2419; x_wconf 85' lang='lat'>¹⁰)</span> <span class='ocrx_word' id='word_1_196' title='bbox 1134 2340 1216 2410; x_wconf 85' lang='lat' dir='ltr'>dilu-</span> 
     </span>
     <span class='ocr_line' id='line_1_24' title="bbox 128 2421 1214 2504; baseline 0.003 -23"><span class='ocrx_word' id='word_1_197' title='bbox 128 2424 209 2483; x_wconf 81' lang='lat' dir='ltr'>rium</span> <span class='ocrx_word' id='word_1_198' title='bbox 224 2441 391 2503; x_wconf 74' lang='lat' dir='ltr'>superasses</span> <span class='ocrx_word' id='word_1_199' title='bbox 414 2443 591 2504; x_wconf 89' lang='lat' dir='ltr'>quamquam</span> <span class='ocrx_word' id='word_1_200' title='bbox 604 2423 682 2482; x_wconf 81' lang='lat' dir='ltr'>enirn</span> <span class='ocrx_word' id='word_1_201' title='bbox 697 2421 830 2502; x_wconf 78' lang='lat' dir='ltr'>ignotum</span> <span class='ocrx_word' id='word_1_202' title='bbox 844 2422 901 2496; x_wconf 90' lang='lat' dir='ltr'>sit,</span> <span class='ocrx_word' id='word_1_203' title='bbox 923 2442 984 2502; x_wconf 92' lang='lat' dir='ltr'>quo</span> <span class='ocrx_word' id='word_1_204' title='bbox 997 2424 1064 2483; x_wconf 88' lang='lat' dir='ltr'>loco</span> <span class='ocrx_word' id='word_1_205' title='bbox 1079 2434 1214 2484; x_wconf 85' lang='lat' dir='ltr'>servatus</span> 
     </span>
     <span class='ocr_line' id='line_1_25' title="bbox 128 2506 1217 2588; baseline 0.004 -22"><span class='ocrx_word' id='word_1_206' title='bbox 128 2508 183 2584; x_wconf 88' lang='lat' dir='ltr'>ait;</span> <span class='ocrx_word' id='word_1_207' title='bbox 208 2506 301 2567; x_wconf 84' lang='lat' dir='ltr'>Dauni</span> <span class='ocrx_word' id='word_1_208' title='bbox 318 2517 418 2567; x_wconf 87' lang='lat' dir='ltr'>tamen</span> <span class='ocrx_word' id='word_1_209' title='bbox 437 2508 542 2567; x_wconf 85' lang='lat' dir='ltr'>modos</span> <span class='ocrx_word' id='word_1_210' title='bbox 563 2508 705 2588; x_wconf 87' lang='lat' dir='ltr'>locosque</span> <span class='ocrx_word' id='word_1_211' title='bbox 719 2527 822 2581; x_wconf 82' lang='lat' dir='ltr'>nosse,</span> <span class='ocrx_word' id='word_1_212' title='bbox 844 2507 951 2588; x_wconf 84' lang='lat' dir='ltr'><strong>quibua</strong></span> <span class='ocrx_word' id='word_1_213' title='bbox 965 2507 1147 2587; x_wconf 78' lang='lat' dir='ltr'>Mathusala,</span> <span class='ocrx_word' id='word_1_214' title='bbox 1167 2509 1217 2570; x_wconf 84' lang='lat' dir='ltr'>uti</span> 
     </span>
     <span class='ocr_line' id='line_1_26' title="bbox 128 2590 536 2673; baseline 0 -23"><span class='ocrx_word' id='word_1_215' title='bbox 128 2590 249 2666; x_wconf 84' lang='lat' dir='ltr'>Enoch,</span> <span class='ocrx_word' id='word_1_216' title='bbox 269 2594 382 2652; x_wconf 79' lang='lat' dir='ltr'>servari</span> <span class='ocrx_word' id='word_1_217' title='bbox 395 2592 536 2673; x_wconf 87' lang='lat' dir='ltr'>potuerit.</span> 
     </span>
    </p>

    <p class='ocr_par' dir='ltr' id='par_1_6' title="bbox 125 2674 1266 4018">
     <span class='ocr_line' id='line_1_27' title="bbox 205 2674 1214 2754; baseline 0.001 -20"><span class='ocrx_word' id='word_1_218' title='bbox 205 2677 273 2735; x_wconf 84' lang='lat' dir='ltr'>lion</span> <span class='ocrx_word' id='word_1_219' title='bbox 287 2696 385 2737; x_wconf 84' lang='lat' dir='ltr'>errare</span> <span class='ocrx_word' id='word_1_220' title='bbox 404 2677 478 2737; x_wconf 79' lang='lat' dir='ltr'>milti</span> <span class='ocrx_word' id='word_1_221' title='bbox 496 2676 617 2751; x_wconf 85' lang='lat' dir='ltr'>videor,</span> <span class='ocrx_word' id='word_1_222' title='bbox 638 2675 664 2735; x_wconf 95' lang='lat' dir='ltr'>si</span> <span class='ocrx_word' id='word_1_223' title='bbox 683 2674 762 2736; x_wconf 79' lang='lat' dir='ltr'>lianc</span> <span class='ocrx_word' id='word_1_224' title='bbox 778 2695 878 2738; x_wconf 83' lang='lat' dir='ltr'>veram</span> <span class='ocrx_word' id='word_1_225' title='bbox 899 2677 1017 2754; x_wconf 77' lang='lat' dir='ltr'>Georgii</span> <span class='ocrx_word' id='word_1_226' title='bbox 1038 2676 1214 2736; x_wconf 88' lang='lat' dir='ltr'>sententiam</span> 
     </span>
     <span class='ocr_line' id='line_1_28' title="bbox 128 2760 1213 2842; baseline 0 -22"><span class='ocrx_word' id='word_1_227' title='bbox 128 2780 189 2820; x_wconf 83' lang='lat' dir='ltr'>esse</span> <span class='ocrx_word' id='word_1_228' title='bbox 210 2781 339 2842; x_wconf 72' lang='lat' dir='ltr'>ponam,</span> <span class='ocrx_word' id='word_1_229' title='bbox 368 2762 507 2842; x_wconf 91' lang='lat' dir='ltr'>quoniam</span> <span class='ocrx_word' id='word_1_230' title='bbox 527 2761 578 2819; x_wconf 85' lang='lat' dir='ltr'>illa</span> <span class='ocrx_word' id='word_1_231' title='bbox 604 2762 729 2820; x_wconf 85' lang='lat' dir='ltr'>mutatio</span> <span class='ocrx_word' id='word_1_232' title='bbox 752 2761 823 2821; x_wconf 91' lang='lat' dir='ltr'>anni</span> <span class='ocrx_word' id='word_1_233' title='bbox 843 2762 1007 2822; x_wconf 82' lang='lat' dir='ltr'>nativitatis</span> <span class='ocrx_word' id='word_1_234' title='bbox 1029 2760 1213 2821; x_wconf 84' lang='lat' dir='ltr'>Mathusalae</span> 
     </span>
     <span class='ocr_line' id='line_1_29' title="bbox 128 2844 1212 2926; baseline -0.001 -22"><span class='ocrx_word' id='word_1_235' title='bbox 128 2855 232 2906; x_wconf 85' lang='lat' dir='ltr'>contre</span> <span class='ocrx_word' id='word_1_236' title='bbox 251 2846 402 2905; x_wconf 84' lang='lat' dir='ltr'>codicass</span> <span class='ocrx_word' id='word_1_237' title='bbox 426 2845 552 2924; x_wconf 81' lang='lat' dir='ltr'>Georgia</span> <span class='ocrx_word' id='word_1_238' title='bbox 570 2844 710 2924; x_wconf 88' lang='lat' dir='ltr'>probatos</span> <span class='ocrx_word' id='word_1_239' title='bbox 729 2853 856 2925; x_wconf 82' lang='lat' dir='ltr'>pugnat,</span> <span class='ocrx_word' id='word_1_240' title='bbox 878 2856 983 2906; x_wconf 83' lang='lat' dir='ltr'>contra</span> <span class='ocrx_word' id='word_1_241' title='bbox 1005 2865 1132 2926; x_wconf 89' lang='lat' dir='ltr'>quorum</span> <span class='ocrx_word' id='word_1_242' title='bbox 1153 2865 1212 2904; x_wconf 86' lang='lat' dir='ltr'>au-</span> 
     </span>
     <span class='ocr_line' id='line_1_30' title="bbox 127 2930 1214 3011; baseline 0.003 -24"><span class='ocrx_word' id='word_1_243' title='bbox 127 2932 294 2989; x_wconf 86' lang='lat' dir='ltr'>ctoritatem</span> <span class='ocrx_word' id='word_1_244' title='bbox 309 2950 440 3010; x_wconf 85' lang='lat' dir='ltr'>pugnare</span> <span class='ocrx_word' id='word_1_245' title='bbox 454 2931 599 3009; x_wconf 76' lang='lat' dir='ltr'>Georgius</span> <span class='ocrx_word' id='word_1_246' title='bbox 614 2949 676 2988; x_wconf 93' lang='lat' dir='ltr'>non</span> <span class='ocrx_word' id='word_1_247' title='bbox 691 2931 775 2992; x_wconf 83' lang='lat' dir='ltr'>solet.</span> <span class='ocrx_word' id='word_1_248' title='bbox 817 2930 855 2991; x_wconf 83' lang='lat' dir='ltr'>Et</span> <span class='ocrx_word' id='word_1_249' title='bbox 868 2930 895 2990; x_wconf 89' lang='lat' dir='ltr'>ai</span> <span class='ocrx_word' id='word_1_250' title='bbox 909 2931 971 2990; x_wconf 82' lang='lat' dir='ltr'>vita</span> <span class='ocrx_word' id='word_1_251' title='bbox 985 2931 1214 3011; x_wconf 70' lang='lat' dir='ltr'>suppeditasset,</span> 
     </span>
     <span class='ocr_line' id='line_1_31' title="bbox 127 3011 1213 3097; baseline 0.005 -27"><span class='ocrx_word' id='word_1_252' title='bbox 127 3022 161 3071; x_wconf 92' lang='lat' dir='ltr'>ut</span> <span class='ocrx_word' id='word_1_253' title='bbox 173 3031 250 3092; x_wconf 90' lang='lat' dir='ltr'>opus</span> <span class='ocrx_word' id='word_1_254' title='bbox 268 3035 361 3093; x_wconf 91' lang='lat' dir='ltr'>usque</span> <span class='ocrx_word' id='word_1_255' title='bbox 383 3017 422 3075; x_wconf 91' lang='lat' dir='ltr'>ad</span> <span class='ocrx_word' id='word_1_256' title='bbox 435 3036 517 3075; x_wconf 88' lang='lat' dir='ltr'>suam</span> <span class='ocrx_word' id='word_1_257' title='bbox 532 3023 654 3074; x_wconf 84' lang='lat' dir='ltr'>aetatem</span> <span class='ocrx_word' id='word_1_258' title='bbox 672 3011 721 3097; x_wconf 77' lang='grc' dir='ltr'>(Α.</span> <span class='ocrx_word' id='word_1_259' title='bbox 741 3024 809 3096; x_wconf 88' lang='lat' dir='ltr'>post</span> <span class='ocrx_word' id='word_1_260' title='bbox 825 3013 895 3075; x_wconf 83' lang='lat' dir='ltr'>cm.</span> <span class='ocrx_word' id='word_1_261' title='bbox 909 3012 1000 3094; x_wconf 83' lang='lat'>800),</span> <span class='ocrx_word' id='word_1_262' title='bbox 1022 3036 1107 3093; x_wconf 84' lang='lat' dir='ltr'>quens</span> <span class='ocrx_word' id='word_1_263' title='bbox 1122 3015 1213 3075; x_wconf 80' lang='lat' dir='ltr'>lineus</span> 
     </span>
     <span class='ocr_line' id='line_1_32' title="bbox 127 3096 1212 3181; baseline 0.003 -27"><span class='ocrx_word' id='word_1_264' title='bbox 127 3096 179 3155; x_wconf 74' lang='lat' dir='ltr'>silui</span> <span class='ocrx_word' id='word_1_265' title='bbox 197 3110 411 3177; x_wconf 81' lang='lat' dir='ltr'>proposuerat,</span> <span class='ocrx_word' id='word_1_266' title='bbox 438 3101 621 3181; x_wconf 86' lang='lat' dir='ltr'>perducere,</span> <span class='ocrx_word' id='word_1_267' title='bbox 647 3109 735 3178; x_wconf 86' lang='lat' dir='ltr'>atque</span> <span class='ocrx_word' id='word_1_268' title='bbox 754 3100 981 3159; x_wconf 85' lang='lat' dir='ltr'>elaborationem</span> <span class='ocrx_word' id='word_1_269' title='bbox 1003 3100 1094 3159; x_wconf 88' lang='lat' dir='ltr'>totius</span> <span class='ocrx_word' id='word_1_270' title='bbox 1114 3097 1212 3177; x_wconf 86' lang='lat' dir='ltr'>operis</span> 
     </span>
     <span class='ocr_line' id='line_1_33' title="bbox 127 3181 1212 3263; baseline 0.002 -23"><span class='ocrx_word' id='word_1_271' title='bbox 127 3190 256 3260; x_wconf 76' lang='lat' dir='ltr'>repetere</span> <span class='ocrx_word' id='word_1_272' title='bbox 279 3181 439 3260; x_wconf 85' lang='lat' dir='ltr'>potuissot;</span> <span class='ocrx_word' id='word_1_273' title='bbox 469 3185 550 3243; x_wconf 90' lang='lat' dir='ltr'>illam</span> <span class='ocrx_word' id='word_1_274' title='bbox 570 3181 779 3243; x_wconf 77' lang='lat' dir='ltr'>dissensionem</span> <span class='ocrx_word' id='word_1_275' title='bbox 798 3185 931 3244; x_wconf 87' lang='lat' dir='ltr'>locorum</span> <span class='ocrx_word' id='word_1_276' title='bbox 954 3201 1019 3263; x_wconf 82' lang='lat' dir='ltr'>pag.</span> <span class='ocrx_word' id='word_1_277' title='bbox 1040 3190 1097 3257; x_wconf 89' lang='grc'>20,</span> <span class='ocrx_word' id='word_1_278' title='bbox 1118 3190 1160 3250; x_wconf 84' lang='grc'>22</span> <span class='ocrx_word' id='word_1_279' title='bbox 1181 3192 1212 3242; x_wconf 87' lang='grc'>11</span> 
     </span>
     <span class='ocr_line' id='line_1_34' title="bbox 129 3266 1212 3363; baseline 0.001 -38"><span class='ocrx_word' id='word_1_280' title='bbox 129 3268 185 3332; x_wconf 79' lang='grc'>114</span> <span class='ocrx_word' id='word_1_281' title='bbox 200 3275 362 3325; x_wconf 73' lang='lat' dir='ltr'>reticeam</span> <span class='ocrx_word' id='word_1_282' title='bbox 378 3267 563 3326; x_wconf 86' lang='lat' dir='ltr'>sublaturum</span> <span class='ocrx_word' id='word_1_283' title='bbox 577 3267 669 3327; x_wconf 82' lang='lat' dir='ltr'>fuisse</span> <span class='ocrx_word' id='word_1_284' title='bbox 683 3288 854 3363; x_wconf 66' lang='lat' dir='ltr'>pcpsuasum</span> <span class='ocrx_word' id='word_1_285' title='bbox 867 3266 970 3331; x_wconf 81' lang='lat' dir='ltr'>liabeo.</span> <span class='ocrx_word' id='word_1_286' title='bbox 991 3302 1025 3314; x_wconf 93' lang='lat'>-</span> <span class='ocrx_word' id='word_1_287' title='bbox 1046 3270 1085 3326; x_wconf 79' lang='lat' dir='ltr'>tt</span> <span class='ocrx_word' id='word_1_288' title='bbox 1097 3267 1212 3345; x_wconf 86' lang='lat' dir='ltr'>imper-</span> 
     </span>
     <span class='ocr_line' id='line_1_35' title="bbox 127 3350 1213 3431; baseline 0.001 -23"><span class='ocrx_word' id='word_1_289' title='bbox 127 3352 252 3426; x_wconf 73' lang='lat' dir='ltr'>smtum,</span> <span class='ocrx_word' id='word_1_290' title='bbox 277 3361 450 3431; x_wconf 84' lang='lat' dir='ltr'>praereptus</span> <span class='ocrx_word' id='word_1_291' title='bbox 466 3360 575 3420; x_wconf 79' lang='lat' dir='ltr'>morte,</span> <span class='ocrx_word' id='word_1_292' title='bbox 597 3352 718 3428; x_wconf 82' lang='lat' dir='ltr'>reliquit</span> <span class='ocrx_word' id='word_1_293' title='bbox 734 3374 826 3431; x_wconf 90' lang='lat' dir='ltr'>opus,</span> <span class='ocrx_word' id='word_1_294' title='bbox 846 3352 903 3411; x_wconf 84' lang='lat' dir='ltr'>iam</span> <span class='ocrx_word' id='word_1_295' title='bbox 919 3353 950 3409; x_wconf 92' lang='lat' dir='ltr'>in</span> <span class='ocrx_word' id='word_1_296' title='bbox 964 3350 1140 3410; x_wconf 81' lang='lat' dir='ltr'>Diocletiani</span> <span class='ocrx_word' id='word_1_297' title='bbox 1153 3352 1213 3409; x_wconf 83' lang='lat' dir='ltr'>ian·</span> 
     </span>
     <span class='ocr_line' id='line_1_36' title="bbox 126 3433 1211 3514; baseline 0.004 -25"><span class='ocrx_word' id='word_1_298' title='bbox 126 3438 208 3513; x_wconf 87' lang='lat' dir='ltr'>perio</span> <span class='ocrx_word' id='word_1_299' title='bbox 221 3435 348 3513; x_wconf 75' lang='lat' dir='ltr'>finiens3</span> <span class='ocrx_word' id='word_1_300' title='bbox 370 3435 550 3513; x_wconf 83' lang='lat' dir='ltr'>tradiditque</span> <span class='ocrx_word' id='word_1_301' title='bbox 564 3433 660 3494; x_wconf 79' lang='lat' dir='ltr'>arnico</span> <span class='ocrx_word' id='word_1_302' title='bbox 680 3436 866 3514; x_wconf 74' lang='lat' dir='ltr'>Theophani,</span> <span class='ocrx_word' id='word_1_303' title='bbox 887 3436 938 3512; x_wconf 88' lang='lat' dir='ltr'>qui</span> <span class='ocrx_word' id='word_1_304' title='bbox 950 3455 1026 3513; x_wconf 85' lang='lat' dir='ltr'>opus</span> <span class='ocrx_word' id='word_1_305' title='bbox 1039 3446 1211 3511; x_wconf 85' lang='lat' dir='ltr'>susceptum</span> 
     </span>
     <span class='ocr_line' id='line_1_37' title="bbox 126 3518 1211 3600; baseline 0.004 -25"><span class='ocrx_word' id='word_1_306' title='bbox 126 3521 323 3595; x_wconf 81' lang='lat' dir='ltr'>continuavit,</span> <span class='ocrx_word' id='word_1_307' title='bbox 336 3530 425 3600; x_wconf 87' lang='lat' dir='ltr'>atquc</span> <span class='ocrx_word' id='word_1_308' title='bbox 438 3541 454 3578; x_wconf 87' lang='lat' dir='ltr'><strong>a</strong></span> <span class='ocrx_word' id='word_1_309' title='bbox 470 3518 643 3578; x_wconf 81' lang='lat' dir='ltr'>Diocletiani</span> <span class='ocrx_word' id='word_1_310' title='bbox 658 3520 837 3599; x_wconf 82' lang='lat' dir='ltr'>temporibus</span> <span class='ocrx_word' id='word_1_311' title='bbox 847 3519 886 3578; x_wconf 88' lang='lat' dir='ltr'>ad</span> <span class='ocrx_word' id='word_1_312' title='bbox 901 3518 1054 3578; x_wconf 83' lang='lat' dir='ltr'>illicha&#39;e&#39;lis</span> <span class='ocrx_word' id='word_1_313' title='bbox 1067 3529 1097 3578; x_wconf 91' lang='lat' dir='ltr'>et</span> <span class='ocrx_word' id='word_1_314' title='bbox 1110 3519 1211 3580; x_wconf 75' lang='lat' dir='ltr'>Theo·</span> 
     </span>
     <span class='ocr_line' id='line_1_38' title="bbox 125 3597 1211 3685; baseline 0.002 -25"><span class='ocrx_word' id='word_1_315' title='bbox 125 3601 258 3682; x_wconf 81' lang='lat' dir='ltr'>plylacti</span> <span class='ocrx_word' id='word_1_316' title='bbox 281 3606 345 3663; x_wconf 88' lang='lat' dir='ltr'>eius</span> <span class='ocrx_word' id='word_1_317' title='bbox 360 3605 414 3664; x_wconf 81' lang='lat' dir='ltr'>lilii</span> <span class='ocrx_word' id='word_1_318' title='bbox 435 3605 590 3683; x_wconf 83' lang='lat' dir='ltr'>imperium</span> <span class='ocrx_word' id='word_1_319' title='bbox 612 3597 645 3683; x_wconf 86' lang='lat' dir='ltr'>(i.</span> <span class='ocrx_word' id='word_1_320' title='bbox 667 3623 691 3664; x_wconf 82' lang='lat' dir='ltr'>o.</span> <span class='ocrx_word' id='word_1_321' title='bbox 707 3623 799 3685; x_wconf 91' lang='lat' dir='ltr'>usque</span> <span class='ocrx_word' id='word_1_322' title='bbox 819 3603 857 3662; x_wconf 85' lang='lat' dir='ltr'>ad</span> <span class='ocrx_word' id='word_1_323' title='bbox 876 3623 988 3663; x_wconf 88' lang='lat' dir='ltr'>annum</span> <span class='ocrx_word' id='word_1_324' title='bbox 1002 3609 1064 3671; x_wconf 82' lang='grc'>822</span> <span class='ocrx_word' id='word_1_325' title='bbox 1078 3624 1093 3662; x_wconf 84' lang='grc'>1</span> <span class='ocrx_word' id='word_1_326' title='bbox 1109 3614 1211 3664; x_wconf 86' lang='lat' dir='ltr'>nostre</span> 
     </span>
     <span class='ocr_line' id='line_1_39' title="bbox 127 3686 1209 3769; baseline 0.003 -26"><span class='ocrx_word' id='word_1_327' title='bbox 127 3690 360 3766; x_wconf 81' lang='lat' dir='ltr'>computatione)</span> <span class='ocrx_word' id='word_1_328' title='bbox 379 3688 549 3748; x_wconf 84' lang='lat' dir='ltr'>Chronicon</span> <span class='ocrx_word' id='word_1_329' title='bbox 570 3688 723 3765; x_wconf 83' lang='lat' dir='ltr'>congessit.</span> <span class='ocrx_word' id='word_1_330' title='bbox 766 3688 857 3765; x_wconf 88' lang='lat' dir='ltr'>(Vide</span> <span class='ocrx_word' id='word_1_331' title='bbox 872 3687 1059 3769; x_wconf 82' lang='lat' dir='ltr'>&#39;lheophsnis</span> <span class='ocrx_word' id='word_1_332' title='bbox 1073 3686 1209 3747; x_wconf 86' lang='lat' dir='ltr'>Chrono-</span> 
     </span>
     <span class='ocr_line' id='line_1_40' title="bbox 125 3772 1210 3853; baseline 0.004 -26"><span class='ocrx_word' id='word_1_333' title='bbox 125 3772 275 3851; x_wconf 76' lang='lat' dir='ltr'>graphium</span> <span class='ocrx_word' id='word_1_334' title='bbox 293 3774 325 3831; x_wconf 91' lang='lat' dir='ltr'>in</span> <span class='ocrx_word' id='word_1_335' title='bbox 341 3773 542 3852; x_wconf 80' lang='lat' dir='ltr'>Scriptoribus</span> <span class='ocrx_word' id='word_1_336' title='bbox 555 3773 742 3850; x_wconf 79' lang='lat' dir='ltr'>Byzantinis,</span> <span class='ocrx_word' id='word_1_337' title='bbox 763 3774 847 3833; x_wconf 83' lang='lat' dir='ltr'>Tam.</span> <span class='ocrx_word' id='word_1_338' title='bbox 862 3773 910 3831; x_wconf 84' lang='lat' dir='ltr'>Vl.</span> <span class='ocrx_word' id='word_1_339' title='bbox 924 3794 954 3853; x_wconf 87' lang='lat' dir='ltr'>p.</span> <span class='ocrx_word' id='word_1_340' title='bbox 970 3777 1001 3838; x_wconf 88' lang='grc'>3.</span> <span class='ocrx_word' id='word_1_341' title='bbox 1017 3774 1046 3838; x_wconf 76' lang='grc'>4.</span> <span class='ocrx_word' id='word_1_342' title='bbox 1068 3773 1137 3831; x_wconf 85' lang='lat' dir='ltr'>edii.</span> <span class='ocrx_word' id='word_1_343' title='bbox 1153 3774 1210 3832; x_wconf 76' lang='grc' dir='ltr'>Ρι-</span> 
     </span>
     <span class='ocr_line' id='line_1_41' title="bbox 125 3854 1266 3938; baseline 0.002 -22"><span class='ocrx_word' id='word_1_344' title='bbox 125 3854 185 3931; x_wconf 88' lang='lat' dir='ltr'>ris.)</span> <span class='ocrx_word' id='word_1_345' title='bbox 227 3858 356 3918; x_wconf 83' lang='lat' dir='ltr'>lirrores</span> <span class='ocrx_word' id='word_1_346' title='bbox 377 3867 475 3917; x_wconf 86' lang='lat' dir='ltr'>autem</span> <span class='ocrx_word' id='word_1_347' title='bbox 500 3876 563 3917; x_wconf 89' lang='lat' dir='ltr'>uon</span> <span class='ocrx_word' id='word_1_348' title='bbox 584 3855 709 3934; x_wconf 88' lang='lat' dir='ltr'>delevit,</span> <span class='ocrx_word' id='word_1_349' title='bbox 738 3877 835 3938; x_wconf 85' lang='lat' dir='ltr'>nequo</span> <span class='ocrx_word' id='word_1_350' title='bbox 856 3856 1054 3919; x_wconf 84' lang='lat' dir='ltr'>dissensiones</span> <span class='ocrx_word' id='word_1_351' title='bbox 1073 3857 1210 3918; x_wconf 85' lang='lat' dir='ltr'>iocorum</span> <span class='ocrx_word' id='word_1_352' title='bbox 1257 3870 1266 3886; x_wconf 83' lang='lat'>‘</span> 
     </span>
     <span class='ocr_line' id='line_1_42' title="bbox 127 3942 460 4018; baseline 0.033 -22"><span class='ocrx_word' id='word_1_353' title='bbox 127 3942 311 4018; x_wconf 84' lang='lat' dir='ltr'>quorundam</span> <span class='ocrx_word' id='word_1_354' title='bbox 326 3943 460 4007; x_wconf 82' lang='lat' dir='ltr'>sustulit.</span> 
     </span>
    </p>
   </div>
   <div class='ocr_carea' id='block_1_4' title="bbox 162 4096 1213 4456">
    <p class='ocr_par' dir='ltr' id='par_1_7' title="bbox 162 4096 1213 4456">
     <span class='ocr_line' id='line_1_43' title="bbox 162 4096 1211 4180; baseline -0.003 -18"><span class='ocrx_word' id='word_1_355' title='bbox 162 4107 205 4171; x_wconf 86' lang='grc'>10)</span> <span class='ocrx_word' id='word_1_356' title='bbox 222 4103 269 4175; x_wconf 75' lang='lat' dir='ltr'>leq</span> <span class='ocrx_word' id='word_1_357' title='bbox 281 4102 314 4159; x_wconf 80' lang='grc' dir='ltr'>ιε’</span> <span class='ocrx_word' id='word_1_358' title='bbox 328 4106 355 4158; x_wconf 87' lang='lat' dir='ltr'>iu</span> <span class='ocrx_word' id='word_1_359' title='bbox 369 4107 499 4163; x_wconf 82' lang='lat' dir='ltr'>codicibus</span> <span class='ocrx_word' id='word_1_360' title='bbox 511 4109 688 4180; x_wconf 81' lang='lat' dir='ltr'>manuscriptis</span> <span class='ocrx_word' id='word_1_361' title='bbox 700 4096 804 4178; x_wconf 50' lang='lat' dir='ltr'>lenitur,</span> <span class='ocrx_word' id='word_1_362' title='bbox 816 4124 898 4177; x_wconf 88' lang='lat' dir='ltr'>nequa</span> <span class='ocrx_word' id='word_1_363' title='bbox 912 4124 968 4162; x_wconf 82' lang='lat' dir='ltr'>cam</span> <span class='ocrx_word' id='word_1_364' title='bbox 983 4109 1070 4162; x_wconf 86' lang='lat' dir='ltr'>Gasro</span> <span class='ocrx_word' id='word_1_365' title='bbox 1080 4111 1149 4160; x_wconf 87' lang='lat' dir='ltr'>muta</span> <span class='ocrx_word' id='word_1_366' title='bbox 1159 4103 1211 4161; x_wconf 72' lang='lat' dir='ltr'>id&#39;s</span> 
     </span>
     <span class='ocr_line' id='line_1_44' title="bbox 192 4174 1212 4251; baseline -0.002 -22"><span class='ocrx_word' id='word_1_367' title='bbox 192 4176 294 4245; x_wconf 85' lang='lat' dir='ltr'>saepius</span> <span class='ocrx_word' id='word_1_368' title='bbox 306 4175 373 4225; x_wconf 83' lang='lat' dir='ltr'>enim</span> <span class='ocrx_word' id='word_1_369' title='bbox 390 4174 557 4251; x_wconf 73' lang='lat' dir='ltr'>chronologi,</span> <span class='ocrx_word' id='word_1_370' title='bbox 574 4178 607 4233; x_wconf 87' lang='lat' dir='ltr'>ad</span> <span class='ocrx_word' id='word_1_371' title='bbox 620 4181 718 4232; x_wconf 72' lang='lat' dir='ltr'>modium</span> <span class='ocrx_word' id='word_1_372' title='bbox 733 4180 908 4241; x_wconf 84' lang='lat' dir='ltr'>lionisnoront,</span> <span class='ocrx_word' id='word_1_373' title='bbox 924 4186 951 4228; x_wconf 83' lang='grc'>11</span> <span class='ocrx_word' id='word_1_374' title='bbox 961 4194 1050 4230; x_wconf 84' lang='lat' dir='ltr'>anisum</span> <span class='ocrx_word' id='word_1_375' title='bbox 1066 4176 1166 4242; x_wconf 83' lang='lat' dir='ltr'>dequo,</span> <span class='ocrx_word' id='word_1_376' title='bbox 1183 4179 1212 4228; x_wconf 85' lang='grc'>11</span> 
     </span>
     <span class='ocr_line' id='line_1_45' title="bbox 193 4242 1213 4316; baseline -0.003 -17"><span class='ocrx_word' id='word_1_377' title='bbox 193 4262 282 4299; x_wconf 84' lang='lat' dir='ltr'>sunum</span> <span class='ocrx_word' id='word_1_378' title='bbox 297 4242 330 4295; x_wconf 82' lang='lat' dir='ltr'>sd</span> <span class='ocrx_word' id='word_1_379' title='bbox 345 4260 421 4310; x_wconf 81' lang='lat' dir='ltr'>quain</span> <span class='ocrx_word' id='word_1_380' title='bbox 435 4248 566 4309; x_wconf 74' lang='lat' dir='ltr'>nteruas,</span> <span class='ocrx_word' id='word_1_381' title='bbox 582 4254 736 4316; x_wconf 88' lang='lat' dir='ltr'>computant.</span> <span class='ocrx_word' id='word_1_382' title='bbox 771 4246 888 4313; x_wconf 73' lang='lat' dir='ltr'>Scaliger</span> <span class='ocrx_word' id='word_1_383' title='bbox 908 4263 1007 4315; x_wconf 88' lang='lat' dir='ltr'>qnoque</span> <span class='ocrx_word' id='word_1_384' title='bbox 1024 4246 1048 4296; x_wconf 90' lang='lat' dir='ltr'>in</span> <span class='ocrx_word' id='word_1_385' title='bbox 1062 4243 1213 4301; x_wconf 75' lang='lat' dir='ltr'>ls&#39;uscbimis</span> 
     </span>
     <span class='ocr_line' id='line_1_46' title="bbox 192 4310 1212 4387; baseline 0.003 -24"><span class='ocrx_word' id='word_1_386' title='bbox 192 4331 252 4384; x_wconf 69' lang='lat' dir='ltr'>pag.</span> <span class='ocrx_word' id='word_1_387' title='bbox 266 4310 292 4368; x_wconf 76' lang='grc'>1.</span> <span class='ocrx_word' id='word_1_388' title='bbox 309 4312 442 4364; x_wconf 84' lang='lat' dir='ltr'>lectionem</span> <span class='ocrx_word' id='word_1_389' title='bbox 456 4316 681 4387; x_wconf 77' lang='lat' dir='ltr'>manuscriptorum</span> <span class='ocrx_word' id='word_1_390' title='bbox 698 4314 794 4376; x_wconf 73' lang='lat' dir='ltr'>edidita</span> <span class='ocrx_word' id='word_1_391' title='bbox 810 4314 899 4367; x_wconf 78' lang='lat' dir='ltr'>tribuit</span> <span class='ocrx_word' id='word_1_392' title='bbox 908 4328 969 4369; x_wconf 81' lang='lat' dir='ltr'>rere</span> <span class='ocrx_word' id='word_1_393' title='bbox 984 4312 1094 4366; x_wconf 76' lang='lat' dir='ltr'>Eusebio</span> <span class='ocrx_word' id='word_1_394' title='bbox 1112 4311 1212 4383; x_wconf 87' lang='lat' dir='ltr'>opiuio·</span> 
     </span>
     <span class='ocr_line' id='line_1_47' title="bbox 193 4379 1168 4456; baseline -0.003 -18"><span class='ocrx_word' id='word_1_395' title='bbox 193 4399 265 4448; x_wconf 76' lang='lat' dir='ltr'>neat,</span> <span class='ocrx_word' id='word_1_396' title='bbox 283 4380 450 4440; x_wconf 69' lang='lat' dir='ltr'>matusalan</span> <span class='ocrx_word' id='word_1_397' title='bbox 463 4384 559 4437; x_wconf 83' lang='lat' dir='ltr'>diluvio</span> <span class='ocrx_word' id='word_1_398' title='bbox 571 4385 733 4456; x_wconf 79' lang='lat' dir='ltr'>superstitem</span> <span class='ocrx_word' id='word_1_399' title='bbox 745 4384 840 4449; x_wconf 73' lang='lat' dir='ltr'>luiuo,</span> <span class='ocrx_word' id='word_1_400' title='bbox 855 4400 923 4455; x_wconf 80' lang='lat' dir='ltr'>quae</span> <span class='ocrx_word' id='word_1_401' title='bbox 936 4400 985 4438; x_wconf 83' lang='lat' dir='ltr'>nou</span> <span class='ocrx_word' id='word_1_402' title='bbox 1002 4379 1109 4437; x_wconf 70' lang='lat' dir='ltr'>ueniti</span> <span class='ocrx_word' id='word_1_403' title='bbox 1120 4390 1168 4435; x_wconf 67' lang='lat' dir='ltr'>est.</span> 
     </span>
    </p>
   </div>
   <div class='ocr_carea' id='block_1_5' title="bbox 0 0 1478 4996">
    <p class='ocr_par' dir='ltr' id='par_1_8' title="bbox 0 0 1478 4996">
     <span class='ocr_line' id='line_1_48' title="bbox 0 0 1478 4996; baseline 0 4"><span class='ocrx_word' id='word_1_404' title='bbox 0 0 1478 4996; x_wconf 95' lang='lat' dir='ltr'> </span> 
     </span>
    </p>
   </div>
  </div>
 </body>
</html>
