2946 4996
534 453 834 524 DISSERTATIO.
1179 449 1225 521 17

140 610 228 673 mini:
260 619 352 691 atque
372 618 513 687 accentu,
542 628 603 690 qno
624 614 717 692 Χημᾶ
735 608 892 685 aculiitur,
921 609 1076 689 docemur,
1102 615 1226 679 verbnm

140 716 201 756 non
223 714 289 757 erae
309 697 439 756 Graecae
466 695 598 773 originia.
648 695 849 756 lterivandum
873 705 918 756 an
946 718 964 755 a
985 696 1077 756 verbo
1097 697 1225 762 Arabico

139 780 239 859 (liceat
258 788 295 839 nt
316 778 469 841 llebraicia
492 779 600 840 litteria
618 775 700 860 utar)
721 794 793 856 nia,
821 779 914 856 texit,
942 780 1064 857 celarit,
1095 783 1175 860 qood
1191 785 1225 844 in
1283 827 1287 833 ·

137 863 262 925 caeteria
283 863 418 925 dialectia
439 862 631 925 orientalibus
656 863 879 940 decideretur,
894 864 976 926 unde
1005 864 1226 936 annonarium

137 964 248 1028 mnia,
269 967 319 1008 ara
331 968 448 1009 arcana.
489 948 589 1023 Quum
599 968 671 1009 vero
685 948 808 1025 Graeci,
828 947 959 1009 maxima
972 948 1145 1027 orientulea,
1166 950 1226 1013 iarn

135 1032 207 1092 inde
219 1053 237 1091 a
251 1032 370 1092 ueculo
383 1033 488 1112 quinto
498 1031 549 1092 vel
561 1042 648 1094 aexto
662 1055 693 1114 η,
709 1055 735 1095 n
750 1031 878 1112 aliaeque
891 1032 1006 1093 litterae
1021 1034 1139 1094 vocales
1151 1044 1226 1097 tono

134 1120 192 1179 tori
210 1117 274 1176 lotn
295 1115 523 1197 pronuntiarent
529 1136 539 1193 ;
560 1137 685 1195 nomeu,
706 1117 788 1196 quod
809 1116 847 1175 ul>
861 1116 1014 1196 Aegyptiis
1032 1117 1154 1176 Claa'mia
1169 1128 1228 1179 un.

135 1201 292 1277 diverunt,
323 1201 440 1282 anria
463 1201 664 1280 ecripeerunt,
694 1220 782 1280 quern
802 1200 951 1260 acribendi
975 1200 1097 1261 modurn
1123 1222 1225 1263 omne·

136 1285 244 1345 cneci
254 1284 373 1364 eequuti
389 1293 467 1348 aunt.
508 1282 617 1344 Suidae
633 1304 658 1344 e.
671 1303 699 1361 g.
712 1284 800 1364 ponit
813 1280 930 1364 preln
946 1286 978 1342 in
992 1304 1027 1343 eo
1040 1283 1108 1343 loco
1127 1286 1182 1345 aub
1196 1309 1223 1367 χ,

135 1390 223 1450 quem
243 1367 393 1450 vocaliarp
414 1369 564 1450 poatulot,
592 1388 628 1427 ac
646 1375 764 1427 tantum
788 1366 879 1426 libroa
898 1366 1059 1446 Aegyption
1081 1367 1150 1447 περὶ
1169 1375 1225 1450 τῆς

133 1455 260 1534 manag
277 1453 390 1513 laudat
412 1486 452 1499 -
474 1453 576 1525 Quum
598 1470 670 1512 vero
694 1451 812 1530 Χημεία
835 1449 948 1510 Gbinria
967 1452 1223 1532 pronuntiaretur,

134 1548 163 1598 et
173 1559 222 1599 ara
238 1537 293 1596 illa
306 1557 416 1614 arcane
428 1536 613 1597 maximam
627 1534 834 1616 liquefaciendi
847 1537 926 1595 nota
938 1544 1030 1611 eeaet,
1050 1555 1152 1597 veram
1165 1557 1224 1596 no·

133 1622 223 1682 tuinia
247 1619 461 1681 derivationem
482 1621 669 1700 ignorantes,
699 1618 816 1679 aaeculo
840 1618 1025 1695 duodecimo,
1044 1631 1081 1679 ut
1096 1622 1225 1699 videtur,

133 1706 313 1788 inceperunt
328 1702 488 1784 Clrymiom
502 1704 647 1781 aeribere,
667 1712 808 1782 tanquam
823 1723 840 1760 e
855 1702 978 1783 ιέχνμαι
991 1702 1156 1765 derivatum
1176 1725 1226 1765 ee-

133 1800 192 1865 aet;
214 1788 342 1850 othone
362 1789 510 1851 rationein
525 1788 741 1870 pronuntiandi
759 1795 790 1846 et
809 1787 957 1848 acribendi
978 1806 1080 1848 ornnee
1098 1789 1160 1848 lere
1172 1810 1225 1849 ra·

133 1873 284 1935 eentioree
304 1894 395 1954 unque
414 1875 452 1933 ad
467 1872 665 1934 Boorlraviurn
681 1871 800 1953 aequuti
819 1880 900 1932 aunt
941 1872 1124 1932 Boerlroviua
1141 1891 1225 1950 vero,

133 1958 183 2019 cui
203 1967 358 2019 narratum
375 1967 454 2036 erut,
481 1958 514 2018 in
530 1955 715 2017 Bibliotheca
736 1955 892 2017 Pariaienai
912 1964 1029 2017 exatare
1049 1956 1102 2020 Me.
1115 1958 1225 2017 Zoaimi

132 2044 346 2124 Panopolitae,
375 2041 409 2102 in
436 2062 493 2122 quo
513 2042 612 2102 ubivia
637 2039 756 2120 aneio
775 2040 923 2122 acripturn
947 2041 1003 2109 ait.
1033 2053 1137 2102 auctor
1159 2043 1225 2118 luit,

134 2138 166 2188 at
188 2128 327 2207 plerique
346 2126 545 2203 medicorum,
572 2124 712 2204 inprimit
726 2122 863 2184 Bataviao
884 2135 912 2185 et
928 2125 1119 2203 Germaniae,
1141 2125 1225 2186 Che·

134 2212 223 2272 minm
242 2210 473 2292 pronuntiarent
495 2220 526 2271 et
546 2210 720 2271 scriberent.
761 2209 809 2269 An
828 2208 885 2270 Ma.
906 2208 1013 2270 Zosimi
1029 2217 1140 2287 exalet,
1168 2231 1225 2277 ne·

133 2297 212 2356 icio:
234 2296 273 2355 ad
289 2316 353 2355 rem
366 2305 499 2357 nostram
515 2295 586 2354 antia
600 2294 681 2354 valet
695 2293 779 2353 looua
798 2293 926 2372 Georgii.
968 2295 1079 2354 Tamen
1090 2293 1224 2354 Boerhn·

133 2380 205 2525 122⁸.
222 2377 1223 2548 ttttmgttnltnffilttttlttyttlgnttttt

134 2569 243 2610 nornen
265 2549 402 2610 scribon
426 2549 595 2624 Chimicim,
624 2555 654 2608 et
674 2565 766 2630 qnae,
796 2545 933 2607 Articulo
959 2556 1076 2608 tantuna
1095 2546 1222 2607 Arabico

133 2644 237 2710 aucta,
260 2633 362 2694 uelem
377 2653 446 2694 curn
460 2632 574 2693 Clrinria
588 2640 649 2705 aet,
669 2632 899 2692 Al-oliimiam.

209 2719 279 2796 Peg.
309 2718 359 2783 14.
383 2719 416 2782 G.
439 2714 533 2780 Zaino
545 2721 635 2779 τινῶν
653 2715 687 2779 ie
699 2719 754 2796 τῆς
767 2715 900 2798 ἐρυθρᾶς
911 2710 1069 2794 taliam
1080 2711 1225 2778 θανίν-

132 2824 215 2865 των.
236 2832 281 2851 ·-
302 2802 417 2862 Goerau
439 2802 560 2861 coniicit
576 2794 758 2862 θαλλόντων.
778 2831 814 2844 -
835 2800 949 2860 Goarua
969 2819 1059 2875 vero,
1079 2798 1223 2859 similitu·

133 2886 203 2946 ‹lino
221 2884 381 2967 deceptui,
402 2884 486 2965 rigna
500 2887 528 2948 Θ
543 2891 574 2944 et
593 2886 622 2945 Φ
638 2891 765 2944 monne
784 2883 906 2944 ridetur
926 2884 960 2944 in
979 2883 1104 2964 legendo
1119 2883 1223 2943 codiee

134 2970 264 3050 Georgii.
306 2970 411 3030 ecrite
433 2966 646 3047 privinnae.

215 3055 470 3137 Kopnoioyia
491 3061 622 3130 ueneat,
642 3049 689 3112 nti
708 3051 824 3111 Goarua
839 3050 923 3128 vult,
945 3059 1101 3111 contextae
1116 3070 1223 3111 narra·

132 3137 223 3198 tionia
245 3136 376 3217 pulchro
398 3138 505 3198 ordine
528 3137 673 3215 digeatae,
693 3137 745 3197 aed
765 3135 859 3196 oratio
877 3137 1069 3197 iactabundus
1094 3135 1222 3195 Beroaue

131 3220 294 3302 grandibua
305 3220 403 3281 verbis
416 3220 556 3280 historica
569 3240 637 3279 euna
653 3222 819 3282 exornavit.

207 3308 275 3385 rag.
299 3306 348 3371 14.
367 3305 402 3364 l).
427 3300 559 3367 Tiacio
574 3303 734 3365 Χαλδαίων
754 3311 784 3362 at
798 3301 889 3382 poulo
911 3310 997 3380 poet,
1023 3297 1075 3363 eol
1096 3298 1129 3364 oi
1152 3293 1222 3363 κατ’

133 3384 213 3453 nairo'
221 3414 247 3453 ν.
261 3420 304 3438 -
317 3390 441 3450 Errorea
454 3385 707 3470 typographicae
721 3386 862 3446 videntur
877 3381 911 3447 ni
921 3381 976 3449 riv
992 3388 1031 3447 X.
1048 3393 1079 3445 et
1092 3379 1180 3448 oleo
1188 3405 1223 3448 v:

132 3476 253 3556 repetiti
269 3494 341 3534 vero
354 3483 426 3535 aunt
438 3492 476 3533 ox
492 3473 621 3532 editione
635 3470 792 3531 Pariaienei
799 3473 831 3529 in
847 3470 969 3530 Veneta.

216 3556 264 3623 Τὸ
282 3555 352 3642 peip
368 3553 438 3639 τήν
456 3550 545 3620 καθ’
564 3553 668 3637 ἡμᾶς
687 3546 925 3635 οἰκὸυμὲνην
941 3560 1010 3613 cett.
1036 3551 1118 3612 Haec
1132 3552 1222 3613 verba

133 3644 250 3704 Goarua
271 3662 395 3724 prorius
419 3662 480 3701 non
498 3640 664 3715 intellexit,
685 3641 818 3699 inserens
841 3637 1008 3717 ἐκείνης.
1052 3637 1150 3696 Locua
1171 3656 1222 3695 aa·

132 3749 189 3787 nui
205 3739 266 3786 oet:
287 3727 379 3787 rerba
397 3725 439 3790 lv
459 3718 651 3813 ejrelerentla
666 3732 736 3783 aunt
752 3724 790 3781 ad
810 3731 941 3782 nostram
957 3733 1086 3796 inum,
1106 3722 1127 3781 i.
1142 3741 1167 3780 e.
1185 3722 1224 3781 nt

134 3811 306 3871 univercum
324 3820 459 3871 noatrum
481 3809 581 3870 orbem
605 3818 769 3882 terrerum,
799 3826 887 3886 quoin
907 3815 975 3865 unte
994 3805 1142 3865 diluvium
1161 3804 1224 3863 lia·-

132 3895 259 3955 bitaturn
275 3897 366 3955 iuieae
386 3904 482 3975 patrae
502 3894 651 3953 Ecclesiae
669 3900 823 3971 negarunt.
865 3891 978 3970 Opinio
993 3889 1072 3948 inter
1087 3908 1137 3948 ooe
1151 3888 1222 3948 vul-

132 3980 210 4058 garia
233 3989 315 4055 erut,
343 3989 452 4039 terram
474 3998 535 4038 eaee
557 3979 694 4059 planum,
717 3974 829 4035 Oceani
851 3975 966 4035 circulo
991 3973 1222 4048 circumdatam

134 4063 310 4140 (mundum
324 4065 411 4139 olior,
434 4072 468 4123 ut
483 4064 611 4122 Goauam
625 4062 880 4140 indicopleueten,
900 4067 980 4121 terra
997 4068 1060 4118 erat
1073 4056 1223 4138 quadran·

132 4149 245 4226 gulata,
279 4147 516 4226 quadrangulato
546 4148 665 4206 Oceano
694 4142 903 4222 circumluaa).
964 4143 1050 4204 Ultra
1072 4143 1222 4201 Oceanum

133 4233 222 4292 aliam
238 4240 348 4292 terram
364 4251 444 4308 eoae,
466 4250 542 4311 quoe
561 4229 671 4290 Oceani
690 4249 781 4309 aquae
802 4227 1050 4289 circumclnuelate
1078 4235 1173 4304 atque·
1187 4225 1222 4283 in

133 4313 189 4374 inc
205 4326 286 4377 terra
299 4316 381 4375 ultra
396 4317 561 4391 Oceanum,
582 4315 689 4376 altiore
705 4314 827 4374 caeteris
842 4321 961 4373 noema
979 4321 1075 4372 terrae
1089 4308 1221 4387 regioni-

134 4397 206 4473 lnu,
228 4398 366 4460 hominea
389 4409 458 4460 ante
480 4400 630 4462 diluvium
644 4397 810 4461 hbiuaaaa
836 4397 870 4458 in
892 4396 1006 4460 diluvio
1025 4413 1098 4455 vero
1119 4392 1155 4453 nb
1170 4391 1223 4450 iila

201 4498 303 4570 οη.
318 4499 459 4570 annuo
484 4497 520 4553 n.
998 4486 1021 4548 2
