2864 5004
259 398 336 475 486
626 405 969 478 EMENDATIOIWS

257 565 363 645 utique
381 565 415 626 in
429 563 531 625 manti
545 562 638 632 4880.
650 563 731 640 fixo,
751 574 858 645 quarta
872 564 906 625 ia
918 562 1051 625 eiusdem
1061 562 1167 625 mundi
1180 565 1274 632 4888.
1293 565 1330 624 sia

257 649 382 729 colligit.
422 648 450 708 Δ
466 649 569 710 mundi
588 651 682 717 4883.
703 669 762 729 qao
775 649 885 709 loaeim
896 669 993 709 sanus
1006 659 1128 728 quartus
1139 648 1216 725 init,
1237 647 1331 728 reliqui

257 744 331 794 sunt
352 733 480 794 ausam
503 734 614 794 laaaim
630 733 701 794 anui
721 741 804 794 octo:
833 734 897 815 ipss
912 733 1058 814 siqnidem
1094 743 1198 794 uartus
1214 733 1264 792 slat
1283 731 1331 791 tati

945 756 1332 963 intrare

561 950 571 978 i
803 946 813 980 i
1273 946 1282 978 i

257 1005 323 1050 eam
336 988 374 1047 ob
391 1008 455 1048 rear
469 986 606 1069 scripsit,
624 990 687 1051 raia
700 981 756 1050 isio
766 984 911 1067 ’lezoslaw
927 984 1049 1069 isonis)
1070 986 1103 1046 in
1117 986 1253 1045 cautam
1263 993 1332 1061 suat,

257 1081 409 1154 stannum
428 1091 604 1152 componere
620 1071 829 1136 aestimanture
850 1064 987 1132 &deciae
999 1080 1167 1151 sequuntur
1186 1068 1331 1130 undecim:

256 1155 531 1218 Nabuchodonosor
545 1157 597 1224 24·
618 1154 781 1218 blesoslaeb
793 1156 939 1235 quinque,
961 1156 1094 1216 Baltasar
1107 1164 1186 1229 tres,
1208 1152 1333 1233 Astyagis

256 1241 479 1322 septemdecim:
501 1242 678 1321 cyrianus:
699 1260 813 1301 suanias
827 1244 878 1306 70.
892 1261 909 1299 a
924 1239 1029 1299 mantii
1044 1240 1137 1305 4888.
1152 1238 1295 1318 iaaaipieas
1306 1244 1333 1296 st

257 1324 291 1385 ia
315 1324 419 1385 mundi
440 1325 535 1392 4925.
556 1322 700 1383 desinens.
735 1317 845 1386 dranis
865 1343 904 1382 ex
924 1322 1031 1384 vitioso
1052 1322 1169 1382 calcula
1194 1340 1332 1401 uuergeas

258 1407 427 1470 Moratur
439 1408 472 1467 in
486 1406 564 1468 natis
577 1407 615 1467 ad
628 1427 693 1487 pag·
705 1411 778 1475 220.
796 1416 827 1466 et
840 1411 911 1475 221.
928 1404 1103 1468 scribendis.

346 1487 387 1557 Tei
405 1485 437 1556 δ’
451 1487 524 1556 arira*
535 1484 588 1576 κγ’.
603 1489 691 1570 isan]
712 1490 959 1571 Septuageasrius
978 1490 1140 1552 Hebraicae
1162 1488 1333 1570 captivitatis

258 1595 400 1637 sumnus
417 1596 479 1636 nan
494 1597 553 1637 una
569 1575 656 1636 moda
671 1575 840 1636 intellectus
856 1575 1013 1636 distractas
1027 1595 1043 1634 s
1055 1594 1088 1635 se
1102 1573 1234 1633 ioricam
1245 1572 1333 1633 Ciero-

257 1660 431 1740 ualagarum
446 1659 601 1742 opiniones
622 1660 763 1721 conciliat
777 1660 856 1741 apud
874 1660 1001 1721 recentis
1019 1658 1162 1719 editionis
1178 1655 1333 1732 eatbam,

258 1745 343 1805 anius
355 1765 429 1826 opus
441 1744 557 1806 l'bsras
572 1754 616 1805 est
628 1744 772 1805 historias
787 1764 897 1810 sacrae.
929 1744 1061 1821 Videris,
1081 1744 1125 1803 sit
1138 1743 1205 1817 ills,
1225 1743 1332 1819 dialogo

258 1829 309 1889 eui
332 1849 442 1890 nomen
454 1828 678 1907 Babyloniacas,
699 1849 787 1908 quam
809 1829 954 1890 concinas
968 1836 1032 1890 tota
1051 1828 1233 1908 captivitatis
1245 1827 1333 1886 Claro-

257 1913 376 1992 aologia
391 1934 446 1995 per
455 1913 609 1975 sabbatum
625 1912 721 1973 decies
732 1913 924 1994 replicatam,
945 1913 978 1973 iel
991 1922 1036 1973 est
1049 1933 1104 1993 per
1116 1933 1212 1971 assuas
1225 1918 1333 1992 septus·
1414 1986 1415 1993 ἵ

257 1996 353 2076 ginta,
373 1999 560 2079 processerit.
600 1997 765 2073 Hieremias
777 1996 857 2058 iuter
868 2007 1000 2058 caeteros
1021 1994 1185 2077 Prophetas
1203 2004 1332 2075 tauqaaas

257 2079 414 2158 peculiaris
437 2083 490 2143 liei
506 2083 656 2160 minister,
684 2082 957 2165 praenunciaudsm
983 2082 1096 2163 populo
1120 2081 1235 2142 cladem
1255 2080 1332 2139 anisa

256 2165 434 2245 proprieque
445 2166 583 2248 suscepit.
623 2167 720 2246 Elegit
733 2167 877 2228 Dominus
891 2166 1042 2228 Christano
1059 2186 1148 2227 saum
1164 2167 1287 2245 Cyrum,
1305 2173 1331 2222 et

258 2246 321 2307 aias
340 2247 536 2327 apprehendit
553 2250 720 2329 dextoram,
746 2262 777 2311 st
797 2271 865 2312 eum
885 2272 941 2333 per
962 2250 1071 2312 multas
1096 2250 1239 2310 victorias
1256 2247 1330 2328 quasi

259 2349 348 2391 manu
363 2330 523 2391 deduceret
541 2333 580 2391 ad
593 2332 797 2412 depellendam
813 2355 830 2393 a
848 2337 960 2418 papula
971 2335 1157 2396 servitutem.
1199 2334 1243 2393 sb
1261 2352 1330 2392 aaao

257 2413 351 2475 lasiae
376 2415 611 2491 decimotertio,
633 2435 693 2495 quo
714 2416 876 2478 lliorssnias
899 2419 1011 2496 virgam
1023 2419 1198 2491 vigilantem
1212 2417 1330 2476 etollaas

257 2518 429 2559 suoaensane
442 2499 530 2573 ridit,
550 2498 826 2581 impendentemqua
838 2502 949 2580 populo
963 2502 1159 2560 calamitatem
1175 2498 1330 2578 praedicata
1413 2498 1414 2509 ¹

257 2584 370 2665 caepit,
391 2583 429 2644 sd
444 2584 573 2665 Cyrum,
595 2583 667 2644 anni
679 2584 862 2665 septuaginta
875 2595 1078 2646 numerantur.
1119 2582 1148 2643 A
1164 2584 1252 2643 tertio
1263 2604 1329 2642 anna

257 2666 394 2744 loaoiasi,
421 2688 480 2747 qua
502 2668 640 2749 captivus
657 2668 839 2747 Babylonem
861 2667 1010 2728 abductus
1031 2678 1094 2745 ast,
1120 2669 1160 2728 sel
1179 2669 1328 2729 salutans

257 2752 335 2830 cyra
351 2753 571 2832 captivitatem,
591 2752 866 2833 snaiseptuagints.
906 2752 933 2815 Α
958 2752 1216 2833 transmigratione
1240 2752 1328 2813 laelia-

256 2835 339 2912 nise,
359 2846 394 2895 ut
408 2833 481 2895 mibi
494 2837 762 2916 probabilissimum
778 2837 916 2917 videtur,
938 2837 977 2898 ad
989 2837 1123 2899 Eutherio
1137 2837 1273 2917 seraptha,
1289 2838 1327 2896 sl·
1412 2868 1413 2875 κ

257 2927 356 2978 terum
370 2918 516 2979 libertatis
531 2919 665 2981 iudaicae
680 2930 770 3001 caput
784 2922 856 2982 anni
869 2924 1063 3003 septuaginta.
1105 2922 1131 2981 Δ
1153 2924 1255 3003 templi
1268 2941 1327 2982 aaa·

256 3001 446 3081 flagratione,
466 3003 505 3063 sd
524 3023 633 3065 eranum
652 3005 734 3065 ilarii
749 3005 929 3080 secundani,
948 3026 1008 3085 quo
1027 3006 1173 3086 templum
1193 3006 1327 3067 asdiboari

258 3087 358 3147 denuo
372 3086 488 3167 eoepit,
509 3088 581 3147 anni
603 3088 796 3169 septuaginta.
839 3090 864 3149 Δ
887 3089 1025 3150 vicesisaa
1039 3090 1128 3151 tortio
1142 3092 1327 3153 Nabuchodo-

256 3171 374 3231 nasoris
387 3191 477 3248 anno,
492 3192 552 3250 qno
566 3173 691 3252 contigit
704 3173 836 3234 omnium
850 3175 1171 3255 postramacaptiritss,
1187 3176 1226 3237 ad
1238 3172 1328 3253 taapli

259 3254 504 3317 substructionem
519 3277 602 3316 anno·
615 3258 694 3317 ilarii
710 3267 794 3319 sexto
811 3260 986 3339 perfectam,
1007 3260 1077 3320 aneti
1093 3260 1227 3322 totidem.
1252 3258 1328 3320 Tati·

260 3338 415 3416 ‹iamques
436 3341 550 3421 nuptiis
566 3340 696 3402 Estheris
709 3342 747 3402 ad
761 3363 872 3403 anetum
891 3345 1054 3424 septimum
1064 3344 1240 3406 Artaxerxis
1259 3345 1328 3402 laa-

259 3421 369 3499 giassni
377 3464 388 3496 ,
410 3443 471 3501 qua
483 3445 562 3484 enno
581 3426 688 3487 missus
701 3427 790 3487 estin
804 3428 942 3488 inslaessn
956 3430 1065 3490 liselm
1078 3448 1147 3487 curn
1160 3426 1329 3506 conpluuium

258 3512 404 3585 potestate
416 3517 446 3564 et
458 3509 646 3586 uulneribus,
666 3531 745 3591 qaeu
761 3533 812 3571 aar
824 3525 852 3571 es
868 3514 1073 3572 eomileatores
1088 3514 1156 3569 eius
1169 3509 1328 3569 obtulerant

258 3587 323 3650 Deo
338 3587 449 3662 lsrael,
469 3600 522 3649 eto.
544 3595 573 3655 1.
594 3591 678 3652 Esar.
698 3601 729 3659 7.
750 3605 780 3654 et
799 3596 943 3657 universio
962 3595 1171 3657 Sacerdotibus
1186 3605 1218 3655 et
1231 3593 1329 3654 lavitis

258 3681 290 3731 et
300 3673 476 3733 Cantoribus
490 3682 519 3732 ot
531 3674 708 3734 {astitoribus
720 3685 750 3735 et
760 3678 884 3758 reliquis
896 3680 999 3760 tempii
1011 3679 1155 3738 ministris
1168 3678 1280 3740 indulta
1291 3687 1328 3739 nt

258 3757 410 3836 vectigalis
432 3756 538 3816 tributi
555 3767 585 3816 et
605 3778 744 3841 unisonas
757 3759 937 3826 immunitas.
977 3762 1024 3821 Ab
1044 3781 1123 3821 aneso
1143 3763 1224 3823 llarii
1244 3773 1327 3839 ants,

258 3861 316 3920 qao
337 3842 481 3920 templum
502 3842 695 3901 instauratum
716 3852 774 3919 ast,
804 3847 844 3905 ad
863 3844 1036 3905 vicesimum
1058 3845 1248 3924 Artaxerxis,
1275 3868 1326 3929 qao

257 3925 337 3985 muri
351 3925 535 3987 Hierusalem
550 3926 674 3985 cicatrix
688 3926 817 3986 obducta
831 3939 891 4005 est,
912 3938 944 3996 2.
965 3930 1033 3990 Est.
1054 3951 1118 4011 asp.
1138 3931 1170 3999 4.
1190 3935 1257 3995 anai
1276 3934 1327 3993 lia-

256 4008 294 4070 rii
309 4009 428 4088 trigiasta
441 4019 616 4092 supersunt,
637 4010 747 4070 Xerxis
760 4012 873 4091 viginti,
894 4016 1067 4075 Artaxerxis
1078 4018 1218 4093 totidem,
1238 4016 1327 4098 equi·

257 4092 314 4153 bus
330 4093 355 4154 si
369 4093 523 4155 boniadena
537 4114 625 4154 anans
638 4095 832 4169 conflaveris,
854 4098 976 4158 oramina
996 4101 1181 4182 septuaginta
1195 4104 1327 4180 eolligun-

258 4185 318 4237 tur.
359 4177 447 4239 Vides
466 4180 575 4257 igitur,
596 4188 662 4238 tum
682 4180 871 4257 sanitatem,
892 4191 956 4242 turn
971 4183 1152 4263 libes-latera,
1174 4208 1228 4268 per
1244 4203 1325 4246 sano

258 4263 444 4342 septuaginta
455 4264 624 4324 decurrere:
647 4274 680 4323 ut
692 4265 891 4344 compleretur
903 4287 997 4329 sermo
1016 4270 1136 4331 llomiai
1148 4290 1188 4331 sx
1200 4290 1249 4330 ors
1261 4268 1324 4329 liis·

258 4346 382 4406 rentisez
409 4358 436 4406 et
459 4348 617 4408 celebraret
638 4359 719 4410 terro
738 4349 867 4413 sattaea
889 4374 966 4415 suu:
994 4356 1112 4418 cunctis
1132 4356 1213 4418 usin
1233 4353 1324 4417 ‹liebw
