3428 4998
545 415 606 482 ΕΤ
627 414 978 485 Auuo'rATloNEu
1228 405 1303 483 3⁸5

236 568 326 632 natliia
337 568 467 630 direreae
480 568 604 631 omnine
622 569 765 650 colligere
781 570 911 651 Scaliger
924 592 991 652 pag.
1008 572 1057 639 14.
1069 579 1099 631 et
1110 571 1182 640 865.
1198 591 1303 635 erran-

236 665 273 716 tee
287 674 420 714 numeror
435 664 593 735 eequutum
610 675 657 732 ae,
679 667 710 715 et
724 656 892 716 inductura
909 655 1099 737 Caccgraphc
1112 675 1226 718 erronea
1240 679 1303 719 non
1337 663 1339 666 ’

235 740 461 799 animadvertitur
483 740 624 800 declarat.
672 740 789 819 Ecquid
809 741 915 819 igitur,
935 741 1066 820 inquiet,
1091 760 1173 818 regea
1190 752 1303 822 reptem

234 824 376 903 llynaatiee
397 823 519 884 Emebii
538 822 684 884 eecundee
698 826 736 884 ad
752 825 884 885 Africani
904 825 1030 905 primam
1044 823 1178 885 adnexae
1191 826 1304 887 chara-

234 907 349 968 ateribm
365 909 506 969 Africano
525 909 653 969 addictia
674 910 769 970 luerat
790 909 997 989 depingenda?
1023 910 1231 990 Nequaquam:
1251 912 1305 973 aad

233 1002 262 1052 rt
274 992 398 1069 ordinie,
420 995 463 1052 ita
476 993 590 1074 pariter
601 992 783 1056 characteris
793 994 945 1074 perveraio
959 1002 1012 1055 eat.

306 1095 428 1174 Πρῶτος
439 1087 586 1175 Βοηθός]
600 1094 828 1154 Emendatiouee
841 1094 947 1157 affixae
958 1094 1045 1156 debet
1055 1092 1130 1154 haec
1144 1091 1307 1155 Euaebiaua

233 1174 379 1256 Dyneetia,
398 1179 501 1252 alteri,
523 1199 598 1257 quae
613 1177 747 1239 Africani
759 1188 803 1239 eet
817 1179 922 1259 pagina
938 1200 999 1260 aeq.
1012 1181 1047 1240 D.

306 1275 388 1340 direci
404 1271 600 1358 doripetron]
618 1280 759 1339 Bubastia
766 1279 870 1341 urbem
885 1279 924 1341 ad
937 1278 1186 1342 PeluaiacuruNili
1197 1278 1305 1340 uatium

232 1373 361 1421 memorat
375 1363 543 1423 Herodotue
555 1365 589 1422 in
604 1364 742 1445 Euterpe.

303 1462 364 1525 rtet
383 1460 513 1545 Mquarir
532 1463 566 1528 ἔν
586 1457 780 1543 Ἰλιουπόλει.]
812 1464 889 1544 Lege
918 1485 986 1526 cum
1009 1463 1155 1551 scaligero
1176 1464 1304 1547 Excerp.

231 1563 288 1624 με·
301 1548 369 1614 355.
383 1548 435 1612 καὶ
450 1553 570 1623 Metire
583 1547 616 1612 ἐν
629 1546 828 1613 Ἡλιουπόλει.
1064 1623 1066 1628 ‚

304 1647 369 1725 Peg·
391 1649 443 1715 56.
475 1644 562 1712 Κατὰ
578 1646 636 1729 τήν
647 1648 787 1730 δευτέραν
803 1648 919 1711 ἔκδοσιν
933 1640 1141 1729 Ἀφρικανοῦ]
1160 1644 1212 1722 re',
1232 1649 1304 1711 deu-

230 1725 307 1808 ripuv
320 1730 391 1790 mihi
409 1731 574 1792 redundat:
596 1742 665 1791 ente
687 1731 846 1791 Eusebium
864 1731 976 1811 quippe
991 1730 1114 1810 ecripait
1134 1731 1302 1813 dirimunt.

231 1812 352 1873 Africani
372 1816 503 1893 mentio,
530 1824 560 1875 et
581 1835 774 1876 numerorum
797 1815 958 1876 eonmrdia
979 1814 1152 1895 dynastiam
1168 1813 1248 1876 lanne
1266 1817 1304 1877 ab

231 1896 359 1959 Africano
377 1900 520 1980 scriptum
534 1908 564 1960 et
578 1899 672 1980 priori
689 1920 756 1980 pag.
769 1901 819 1967 64.
832 1899 1036 1981 reperiendam
1051 1901 1243 1961 convincunt.

305 1999 372 2079 Peg.
389 2001 441 2066 67.
468 1994 553 2061 Μεθ’
566 1995 602 2062 ὃν
616 1999 785 2080 lienum]
807 2001 943 2075 Qualiter
956 2008 1058 2060 textu·
1072 1999 1147 2060 ardo
1162 2020 1307 2082 reparan-

232 2079 290 2159 dm,
305 2092 334 2143 et
348 2084 456 2163 quibua
471 2082 545 2144 huee
557 2085 743 2165 adiungenda
759 2086 867 2145 docent
879 2093 966 2145 notae
979 2085 1017 2144 ad
1030 2084 1129 2164 pagin.
1146 2084 1197 2151 54.
1218 2086 1305 2164 Regia

267 2187 314 2227 πο
335 2169 407 2229 nevi
425 2168 459 2226 in
479 2169 586 2229 lacuna
606 2168 805 2229 decideratum
827 2189 936 2229 nomen
958 2188 995 2228 ex
1016 2168 1110 2248 priori
1122 2188 1188 2249 pag.
1202 2171 1253 2236 66.
1268 2169 1305 2231 Δ.

265 2250 353 2316 betur.
397 2251 531 2335 Χενὲρης
543 2252 594 2334 leq
606 2248 639 2315 λ’.
680 2256 789 2332 Regem
803 2252 885 2314 hune
897 2253 1056 2334 Dynaatiae
1068 2254 1098 2319 4.
1113 2254 1306 2315 Africanam

233 2336 324 2409 (miae
343 2355 425 2416 regee
444 2348 513 2397 octo
535 2339 615 2397 aclea
633 2337 757 2423 areant)
783 2358 895 2400 nonum
921 2338 1007 2398 addit
1025 2337 1156 2417 Scaliger
1178 2338 1305 2421 Excerp.

230 2436 288 2498 pag.
299 2422 368 2489 355.
382 2441 512 2481 errorem
524 2442 542 2481 a
558 2421 691 2483 Lilmrio
726 2443 821 2485 araur.

302 2500 393 2586 Ἱερὰν
411 2505 546 2587 βίβλον]
571 2504 657 2590 ‘Irpiu
680 2512 768 2590 loyce
793 2507 898 2568 acribit
918 2505 969 2567 hic
994 2507 1124 2587 Scaliger
1147 2505 1305 2571 Animadv.

230 2606 291 2667 pag.
305 2594 376 2657 251.
391 2590 559 2651 Hermetem
574 2590 736 2672 aeripeieee
776 2592 894 2672 Ecquid
911 2611 949 2651 ex
963 2591 1058 2651 literia
1071 2591 1209 2673 plurimis
1222 2589 1306 2653 inea·

230 2672 286 2752 nit,
306 2683 362 2734 eta
377 2674 485 2757 Suphie
498 2676 566 2762 ἱερᾷ
581 2677 675 2761 βίβλῳ
687 2676 725 2736 ad
736 2676 883 2737 Hermetie
900 2673 979 2759 ἱερὸν
992 2671 1077 2758 λόγον
1091 2676 1220 2755 migrati

296 2753 355 2823 Ἢν
368 2758 410 2834 ede
421 2759 496 2843 palpa
507 2766 605 2840 χρῆμα
615 2756 776 2843 Αἰγύπτιοι
789 2760 987 2844 περιέπουσι]
1002 2761 1091 2836 Quod
1105 2760 1215 2821 librum
1229 2780 1304 2841 poa·

229 2839 328 2903 audiere
344 2847 470 2923 gaudeat
484 2846 641 2906 Africanua
657 2867 721 2927 pag.
742 2847 937 2927 praecedente
956 2846 1121 2906 Eauebium
1137 2846 1306 2925 praeacuti-

227 2922 278 2984 bae
297 2930 392 2988 rerbia
407 2931 576 2990 eokmm'eer
587 2930 827 2991 leultucinuntem
840 2931 945 2992 aaeerit
959 2930 1087 3008 Scaliger
1108 2928 1230 3005 citatur,
1252 2930 1304 3009 qui

227 3006 331 3071 librum
354 3012 388 3072 in
413 3014 511 3095 pretio
538 3018 618 3096 apud
640 3016 799 3096 Aegyption
822 3035 884 3077 eaee
907 3015 1025 3076 acribit:
1062 3013 1146 3094 quari
1163 3013 1305 3074 videlicet

228 3091 337 3154 Baebii
348 3098 511 3159 tententiae
522 3100 688 3159 Africanaei
702 3100 775 3160 dicti
785 3118 922 3181 perverea
934 3100 973 3160 eit
987 3097 1189 3176 cenaequutio.
1210 3097 1304 3156 Num·

228 3179 297 3256 quid
310 3181 443 3240 Africani
466 3192 497 3241 et
512 3183 631 3242 Euaebii
654 3185 728 3244 eden
750 3185 854 3245 dieaita
872 3195 1022 3262 tempora,
1043 3190 1077 3240 ut
1091 3199 1177 3258 quem
1197 3178 1304 3241 habuit

226 3262 378 3325 Airieauue
397 3264 528 3341 librum,
549 3267 691 3329 Euaebiue
711 3270 866 3350 Aegyptii·
881 3267 1004 3327 charum
1015 3273 1048 3325 et
1059 3272 1233 3347 tempeatate
1250 3284 1303 3326 aue

226 3345 320 3409 adhue
332 3358 480 3410 extantem
493 3349 606 3411 ridicae
617 3373 677 3413 non
691 3352 846 3434 potuerit?

306 3434 370 3514 Peg.
391 3438 441 3501 68.
461 3432 619 3518 ‘Pauovple
633 3437 683 3518 leq
695 3433 766 3519 pd‘.]
792 3436 922 3515 Scaliger
936 3432 1139 3496 abactam
1154 3425 1190 3497 α’.
1212 3443 1243 3493 et
1264 3426 1300 3496 d.
1317 3430 1348 3487 P·
1362 3432 1398 3491 21

227 3515 414 3580 aimilitudine
429 3519 570 3601 deceptae
585 3515 644 3602 μα’.
656 3522 723 3583 rice
735 3515 791 3602 pi.
806 3521 907 3582 reddit
918 3520 1044 3600 Excerp.
1060 3539 1126 3600 pag.
1139 3519 1212 3584 356.
1223 3518 1303 3578 linea

226 3605 257 3666 9.
277 3602 412 3664 Errorem
429 3604 525 3683 arguit
536 3624 650 3664 eumma
666 3610 736 3674 218.
751 3625 790 3665 ex
801 3625 903 3685 regum
919 3609 948 3671 9.
959 3604 1085 3664 iaternm
1101 3602 1242 3662 netetibna
1255 3602 1304 3663 al-

225 3686 280 3744 teri
297 3690 385 3756 1⁰46.
399 3708 547 3750 annerum
561 3709 692 3750 eummae
707 3689 925 3769 componenda,
947 3706 1022 3767 quae
1033 3687 1112 3747 aoloe
1125 3686 1194 3745 licet
1209 3690 1302 3753 1264.

224 3768 341 3847 reddat,
361 3793 424 3833 non
442 3773 477 3832 in
491 3776 682 3850 monadibua,
705 3774 757 3835 aed
772 3775 805 3833 in
820 3772 977 3833 decadibua
995 3772 1172 3853 pravitatem
1189 3767 1303 3830 admia·

224 3873 285 3914 eam
298 3855 382 3934 t'etari
395 3858 483 3936 ergit.
525 3858 584 3917 Ubi
594 3858 667 3920 'veru
682 3879 766 3921 error
779 3859 924 3918 locandae
937 3855 992 3935 ait,
1011 3856 1161 3916 incertum
1171 3855 1301 3936 penitna,

224 3956 280 3998 aee
302 3940 397 4000 otieae
423 3943 577 4022 inquirere
599 3943 711 4005 iudicio
740 3944 862 4024 dignum
888 3949 988 4003 maaet
1010 3939 1141 4020 Scaliger
1164 3938 1302 4000 Animed.

223 4041 279 4106 m
303 4106 396 4191 ‘Operi
410 4108 462 4191 leq
480 4105 575 4195 eppi]
597 4112 651 4175 dt
676 4133 738 4175 non
760 4106 826 4194 συί.
844 4130 883 4173 ax
902 4109 1034 4172 numeria
1057 4107 1303 4190 praecedentibue

222 4194 507 4275 eammacolligitur.
527 4196 656 4277 Scaliger
664 4198 807 4279 appetite.
829 4197 993 4258 Nominum
1002 4205 1186 4253 eternorum
1194 4191 1304 4251 dieera'.

222 4296 288 4338 meu
300 4300 448 4361 eruginem
466 4284 599 4340 occurrit
614 4285 690 4344 vitio
707 4283 940 4357 Librariurum,
962 4300 1040 4360 quae
1060 4280 1125 4337 tam
1142 4280 1302 4358 proferam

222 4382 291 4422 eum
304 4386 351 4424 me
361 4376 699 4446 nonpereeqaeretarum:
719 4365 803 4450 qued
820 4389 857 4428 eu
873 4367 1010 4428 Lectorr'e
1028 4362 1157 4423 arbitrie
1175 4364 1254 4424 iuter
1270 4381 1302 4423 ee

289 4463 388 4539 (lang.
404 4464 543 4537 Mae.
558 4464 594 4518 Π.
689 4512 695 4529 ,
1056 4446 1099 4513 25
