2946 4996
535 383 834 456 DISSERTATIO.
1185 376 1233 449 41

145 546 294 607 stolorum
305 543 420 610 inserit.
461 543 536 605 Nam
555 541 704 605 ἐκτίθεται
725 541 763 601 ad
781 552 933 605 auctorem
951 541 1143 626 Anonymum
1154 543 1219 605 refe

144 631 273 693 randum
284 641 344 709 eat,
364 631 410 692 uti
426 648 550 709 sequena
563 629 760 691 maritatas.

230 758 300 833 Quo
317 766 416 818 autem
430 764 562 835 tempore
576 752 709 813 Zosimus
724 751 922 835 philosophus
937 752 1065 830 vixerit,
1086 775 1148 816 nan
1166 753 1237 814 satia

144 843 252 925 liquet.
293 839 474 903 Boos-hovius
495 859 561 899 eum
578 837 786 919 philosophum
803 831 915 900 saeculi
926 839 1023 919 quinti
1040 839 1124 915 dicit,
1138 842 1237 902 nescio

145 949 206 1009 qua
222 927 403 988 auctoritate
415 923 507 983 nisus.
550 924 679 1002 Scaliger
685 923 724 983 ad
735 925 896 983 Eusebium
905 945 970 1006 pag.
991 927 1061 992 258.
1074 934 1143 984 ante
1158 926 1239 986 Pan·

144 1014 292 1088 odarum,
313 1009 364 1089 qui
388 1009 514 1068 Arcadio
537 1009 702 1089 imperante
730 1010 810 1068 circa
839 1030 907 1069 ann
928 1013 991 1076 400
1012 1009 1152 1089 scripsit,
1174 1011 1238 1070 Zo-

145 1099 259 1160 aimam
280 1095 391 1155 vixisse
415 1095 582 1153 contendit:
609 1114 678 1153 nam
702 1094 861 1171 Georgium
883 1095 983 1154 locum
1009 1094 1118 1154 Zosimi
1138 1114 1240 1155 nona

145 1182 271 1263 scriptis
289 1179 434 1254 auctoris,
456 1199 561 1239 rerum
576 1198 592 1238 e
610 1179 766 1239 Panodoro
786 1178 926 1239 hausisse.
968 1179 1049 1240 llaec
1062 1200 1148 1241 causa
1160 1199 1238 1241 vana

145 1277 208 1341 est,
227 1275 317 1344 atque
333 1263 414 1323 omni
426 1264 602 1324 auctoritate
614 1273 703 1326 caret.
727 1297 762 1308 -
782 1263 948 1341 Zosimum,
970 1261 1024 1327 salu
1038 1265 1147 1347 plysn,
1170 1275 1238 1347 ante
1260 1283 1262 1289 ’

147 1349 401 1430 olympiodorum
416 1349 542 1424 vixisse,
564 1356 647 1427 patet
660 1357 754 1408 tunae
768 1349 901 1425 catalogo
915 1350 1005 1409 citata
1018 1354 1080 1412 suiv
1095 1354 1239 1430 ποιητῶν,

147 1437 202 1515 qui
215 1435 352 1495 ordinem
365 1435 508 1514 temporis
521 1433 670 1513 sequitur,
693 1443 723 1493 et
737 1435 768 1492 in
782 1454 842 1513 qao
854 1434 988 1495 Zosimus
1004 1444 1072 1495 ante
1085 1436 1242 1516 Olympio·

145 1521 256 1580 olorum
270 1521 387 1601 positus
406 1528 467 1594 eat,
497 1528 562 1579 tum
578 1539 616 1578 ex
640 1539 692 1596 eo,
715 1520 797 1598 quod
818 1520 1052 1600 olympiodorus
1071 1519 1105 1580 in
1128 1521 1242 1601 scripta

144 1606 259 1668 Zosimi
278 1613 493 1665 commentatus
514 1624 575 1663 esse
594 1603 715 1663 dicitur.
746 1604 979 1682 Olympiodorus
999 1614 1096 1665 autem
1117 1604 1241 1686 scripsit

144 1689 317 1751 Theodosio
333 1690 441 1749 minori
454 1697 610 1766 regnante,
632 1687 739 1745 Phatio
755 1696 829 1745 teste
844 1687 908 1745 cod.
923 1691 980 1752 802
1001 1689 1021 1749 i.
1036 1709 1061 1750 c.
1076 1690 1155 1748 inter
1168 1709 1239 1751 aisn.

143 1778 210 1844 408
226 1809 270 1823 -
285 1775 364 1848 450;
387 1783 417 1831 et
433 1772 574 1831 historiae
593 1769 662 1829 finis
681 1780 744 1837 erat
763 1771 794 1829 in
812 1771 900 1829 caede
920 1771 1057 1848 Ioamsis,
1083 1773 1159 1850 regis
1180 1775 1242 1832 llo·

144 1880 324 1932 suranorum,
349 1857 397 1915 cui
424 1853 651 1914 Valentinianus
676 1855 827 1935 septennia
847 1855 989 1916 successit
1009 1876 1078 1915 assu.
1102 1857 1176 1922 425.
1199 1888 1242 1904 -

35 1958 40 1969 ’
144 1947 227 2023 Ergo
243 1950 313 2002 ante
328 1940 387 1999 hoc
401 1948 519 2020 tempus
539 1939 689 1998 Zosimum
703 1941 814 2000 vixisse
827 1961 944 2000 necesse
960 1941 1026 2000 erit.
1069 1941 1169 2016 Quum
1186 1962 1243 2002 ve·

143 2051 184 2090 ro
202 2026 389 2087 Christianus
401 2024 474 2101 luit,
495 2044 591 2103 neque
607 2025 687 2104 apud
707 2026 802 2085 ullum
820 2027 997 2107 scriptorem
1016 2026 1126 2087 saeculi
1149 2047 1244 2106 quar-

142 2114 173 2174 ti
186 2122 236 2171 aut
258 2110 355 2191 quinti
378 2119 495 2190 praeter
510 2109 776 2190 olympiodorum,
797 2116 853 2175 rosi
871 2106 999 2193 μεγάλου
1018 2115 1146 2191 ποιητοῦ
1160 2132 1243 2171 uran-

143 2199 191 2258 n’o
213 2206 278 2255 est:
302 2195 431 2255 arbitror
444 2215 510 2254 eum
526 2194 607 2254 haud
621 2196 748 2255 multum
769 2205 837 2255 ante
858 2216 969 2256 anuum
985 2197 1243 2277 quadringentesi-

145 2303 232 2343 mum
247 2290 320 2362 post
338 2278 406 2346 Chr.
422 2291 483 2341 nat.
496 2280 669 2363 ponendum
684 2300 761 2359 esse,
778 2281 820 2342 ita
835 2291 870 2341 ut
884 2282 985 2343 forsan
997 2283 1127 2363 aequalia
1143 2283 1243 2343 Pano-

146 2368 216 2430 dori
231 2367 330 2428 luerit.

234 2495 354 2555 Testem
372 2490 551 2553 narrationis
566 2491 603 2551 de
617 2491 771 2572 Egregoria
790 2494 961 2553 Hermetem
976 2512 1097 2573 quoque
1111 2492 1244 2552 Zosimus

145 2579 269 2655 laudat,
291 2578 379 2638 illum
398 2577 507 2639 sabulis
527 2577 656 2637 cuiusvis
674 2577 790 2654 generis
810 2587 987 2637 exornatum
1007 2577 1167 2656 sapientem
1187 2577 1245 2637 Ac-

145 2666 306 2747 gyptium,
329 2664 378 2723 cui
397 2673 463 2722 tum
481 2662 592 2740 scripta
612 2661 749 2738 antiqua,
771 2661 906 2740 inprimis
920 2659 1060 2740 physica,
1082 2661 1196 2720 medica
1213 2670 1245 2721 ct

145 2741 343 2827 astrologica}
366 2767 492 2827 quorum
523 2755 656 2803 auctores
678 2744 773 2820 ignoti
801 2755 900 2813 erant,
924 2756 988 2803 tum
1012 2746 1179 2806 recentiora
1207 2744 1244 2805 ab

144 2836 226 2916 ipsis
249 2832 441 2906 auctoribus,
465 2829 593 2887 maxime
612 2827 787 2888 Christianis
809 2830 980 2911 Aegyptiis,
1000 2831 1245 2910 Neoplatanicam

145 2916 373 3001 philosophiam
395 2914 604 2992 sequentibus,
626 2913 876 2993 supponebantur.
925 2916 1006 2976 luter
1035 2917 1246 2977 obscurissima

144 3023 222 3064 vero
237 2998 425 3077 antiquitatis
440 3007 512 3057 sunt
525 2997 637 3076 scripta
652 2998 833 3076 Hmnretica,
854 3022 950 3082 neque
970 3000 1070 3061 adhuc
1084 3004 1166 3062 ullus
1186 3002 1245 3062 de-

148 3096 272 3147 ctorum
287 3083 436 3162 ingenium
451 3103 485 3142 ac
497 3092 614 3164 tempus
635 3085 679 3145 rei
699 3086 859 3147 litterariae
878 3087 972 3166 gratia
994 3087 1133 3161 devovit,
1154 3095 1188 3146 ut
1211 3096 1245 3145 e'a

147 3171 321 3249 collegisset
334 3178 422 3249 atque
433 3167 645 3249 interpretatus
657 3180 742 3234 esset.
785 3172 860 3231 Nam
883 3173 937 3231 etsi
956 3170 1090 3230 barbarie
1110 3170 1245 3249 horrent,

146 3258 204 3318 etsi
219 3257 312 3337 plena
335 3264 405 3315 suut
427 3254 611 3329 tabularum,
633 3256 893 3316 deliramentorum
904 3277 938 3315 sc
954 3255 1124 3331 vecordiae,
1145 3266 1245 3316 tamen

145 3352 181 3404 et
192 3340 346 3419 ingenium
363 3339 474 3399 saeculi
488 3340 536 3399 aui
550 3349 716 3411 ostentant,
739 3350 769 3400 et
780 3343 868 3421 plura
881 3342 1044 3417 fragmenta
1059 3342 1245 3421 antiquitatis

144 3423 339 3506 elegantioris
353 3424 432 3483 inter
446 3423 500 3484 has
514 3424 616 3485 sordes
630 3425 800 3484 delitescere
816 3433 951 3504 possunt.
974 3457 1016 3472 -·
1036 3428 1169 3487 Zosimus
1182 3427 1246 3485 lau·

145 3512 204 3575 dat
224 3509 363 3588 Physica
382 3510 551 3584 Ilermetis,
572 3509 658 3568 cuius
681 3510 753 3569 libri
773 3508 809 3567 ab
831 3511 889 3569 alio
909 3510 1053 3589 scriptore
1065 3506 1246 3573 mentionem

144 3600 261 3660 factata
275 3612 338 3655 esse
351 3612 413 3651 non
425 3595 553 3673 reperio.
594 3593 755 3654 hlorhehus
773 3594 805 3652 in
820 3595 896 3654 libro
912 3595 934 3655 1.
948 3596 1143 3675 Polyhistaria
1156 3598 1245 3677 p99.

145 3682 294 3758 coniicit,
315 3678 449 3738 eumdem
470 3679 594 3737 semesae
616 3698 678 3739 esse
697 3679 827 3754 librum,
848 3680 899 3758 qui
920 3701 938 3738 a
962 3682 1089 3760 Georgia
1110 3701 1176 3762 pag.
1192 3680 1243 3746 35.

144 3768 190 3832 D.
209 3776 240 3826 et
252 3784 322 3847 pag.
336 3766 389 3831 52.
407 3764 440 3825 B.
456 3761 511 3821 aab
525 3763 645 3823 nemine
659 3767 708 3825 ssi
714 3786 733 3825 ν
753 3766 985 3845 Κυρονίδων
998 3767 1127 3846 allegari.
1170 3762 1245 3823 Chi·

143 3851 231 3911 mica
247 3860 376 3929 uterque
386 3849 471 3922 liber,
493 3856 573 3906 certe
588 3867 626 3907 ex
639 3856 734 3928 parte,
755 3857 896 3909 tractasse
907 3851 1035 3914 videtur.
1076 3851 1149 3927 Erat
1165 3847 1245 3908 enirn

144 3934 252 3994 medio
270 3936 389 3995 saeculo
408 3932 662 4012 decimoseptimo
682 3933 856 4013 Altenbmgi
870 3934 902 3994 in
918 3937 1063 4011 Saxonis,
1084 3936 1118 3993 in
1131 3932 1245 3992 Biblio-

145 4015 245 4078 theca
261 4019 364 4079 Ducali
384 4019 481 4079 codex
507 4017 727 4097 manuscriptus
743 4028 927 4082 vetustorum
942 4020 1140 4081 Chimicorum
1156 4019 1247 4080 Grae-

146 4121 283 4174 comm,
304 4103 383 4164 inter
402 4125 478 4185 quos
505 4112 535 4162 et
553 4101 787 4182 olympiodorus
801 4103 997 4185 Philosophus
1013 4104 1246 4182 Alexandrinus,

146 4206 245 4269 quem
259 4185 293 4244 in
306 4187 412 4248 Zosimi
426 4189 539 4270 scriptu
561 4196 791 4248 commentatum
803 4209 865 4250 esse
878 4191 936 4249 iam
955 4197 1040 4249 antea
1054 4189 1246 4250 narravimus.

143 4274 204 4335 Ex
225 4269 286 4330 hoc
303 4271 454 4335 Ileinesina
476 4276 675 4354 fragmentum
687 4272 797 4351 edidit,
818 4275 851 4335 in
865 4296 924 4355 quo
944 4273 1175 4353 olympiodorus
1190 4270 1247 4354 ssia

146 4355 317 4438 Kanasida
336 4362 393 4421 rasi
409 4357 521 4442 Ἑρμοῦ
544 4367 574 4421 et
596 4354 654 4439 osis
673 4351 833 4441 Ἀρχοϊκήν
846 4361 952 4441 βίβλον
968 4358 1086 4435 laudat,
1108 4360 1247 4438 quodque
