3288 4990
464 419 798 492 CHRONOGRAPH.
819 420 978 490 CANON.
1185 411 1261 487 283

194 579 331 656 devincto,
353 577 471 661 (primis
492 577 569 637 enim
583 597 600 635 u
614 577 841 638 Rernmectione
854 577 1010 639 Dominice
1031 575 1180 638 meneibm
1192 577 1262 638 nul·-

192 665 230 723 lue
243 663 408 724 institutum
422 660 549 742 dixerit)
562 661 749 741 Hymenaeus
761 683 866 722 eorum
880 673 1046 744 postremus
1067 661 1154 721 ennio
1180 661 1263 723 dno-

192 748 274 807 (lecim
287 749 359 809 nolio
368 747 514 808 abeodem
523 747 652 824 Georgio
663 747 792 825 acceptio
799 747 1075 826 Hierosolymorum
1085 746 1264 809 Antirtitum
1307 792 1311 799 .

190 832 350 893 leterculnur
361 853 414 913 per
425 830 506 893 heud
520 830 610 889 breve
622 830 751 907 epatium
764 831 850 890 nullo
862 830 1003 890 Arrtietite
1017 831 1199 893 demomtret
1211 852 1263 892 oc-

192 925 332 996 mpetnm3
355 918 408 996 qui
423 935 508 977 error
525 916 559 974 in
572 911 707 974 Aethere
729 935 792 975 non
815 914 911 975 obiter
932 915 1182 995 praetereundue,
1202 917 1263 977 niri

190 1002 315 1060 maiorem
330 1001 434 1060 dixero
442 1046 452 1076 ,
474 998 554 1077 quod
567 998 728 1078 Hymenaei
747 998 878 1060 ciusdem
896 998 1144 1081 (reclemantibus
1158 1000 1192 1059 iu
1205 1001 1264 1061 ed-

189 1103 293 1145 renum
308 1085 453 1153 Eneehio,
473 1080 657 1164 Nicephoro,
677 1092 707 1143 et
719 1083 922 1165 Theophane)
941 1103 1036 1144 ennoe
1053 1082 1140 1145 foede
1167 1085 1264 1144 muti-

187 1168 285 1229 letione
296 1168 426 1230 ell'ecen't
435 1168 597 1228 breviores.
639 1167 827 1248 Nicephorue
840 1169 986 1249 siqnidem
1000 1167 1163 1228 voluminis
1175 1168 1262 1230 irtiur

186 1254 280 1334 pagine
292 1256 362 1322 tto.
378 1253 413 1316 A.
430 1263 491 1313 treo
512 1273 602 1339 rppro
619 1252 729 1332 viginti
749 1263 893 1313 memoret
904 1253 1081 1334 Hymenaei:
1107 1251 1263 1332 Theophr-

187 1359 231 1399 nee
243 1357 277 1397 ex
293 1338 426 1398 omnium
439 1336 510 1398 llll.
526 1340 577 1399 SS.
591 1338 761 1398 testimonio
776 1348 914 1399 numeret
927 1339 979 1405 24.
992 1338 1031 1398 od
1045 1356 1154 1398 annum
1169 1343 1263 1407 2777.

185 1443 242 1504 pag.
256 1424 287 1489 d.
305 1424 340 1485 A.
354 1423 434 1482 idem
449 1422 557 1481 iterum
571 1426 623 1488 28.
644 1432 777 1483 recenset
790 1425 829 1483 ed
843 1443 956 1482 annum
971 1425 1065 1489 2788.
1077 1422 1111 1481 in
1124 1422 1195 1483 ttttl.
1212 1424 1264 1485 SS.

185 1507 324 1588 pluribus,
346 1527 421 1586 quoe
435 1506 468 1565 in
483 1506 562 1566 notio
575 1518 786 1568 memorantur.
827 1507 963 1587 derigunt
976 1507 1123 1566 Eusebius
1145 1507 1219 1567 deor
1233 1518 1266 1569 et

184 1592 292 1668 triginta
305 1593 339 1652 in
354 1590 512 1651 chronicis
522 1636 531 1668 ‚
552 1611 569 1650 ι
584 1591 735 1653 Valeriani
756 1593 937 1662 rcilicet12.
958 1602 988 1653 et
1006 1591 1116 1652 Christi
1133 1596 1205 1660 268.
1225 1592 1266 1653 ed

185 1676 350 1738 Diocletiani
366 1683 415 1744 12,
427 1686 458 1735 et
473 1674 583 1736 christi
593 1682 667 1745 299.
709 1677 757 1738 Ex
768 1677 950 1737 inconstanti
971 1696 1165 1737 numerorum
1189 1695 1267 1738 con-

184 1764 251 1840 gerie
264 1761 329 1842 quie
343 1761 467 1821 coeterie
479 1761 589 1821 certior
606 1760 807 1839 dmignendue
820 1777 897 1843 pene
911 1764 1068 1824 incertum.
1112 1763 1188 1819 Sene
1202 1765 1265 1844 qni,

184 1855 212 1905 nt
227 1867 289 1907 rum
311 1847 480 1928 praefatur,
501 1864 613 1905 cunum
627 1846 727 1907 leeobi
746 1848 877 1928 primum
896 1847 935 1907 ed
949 1845 1059 1906 Christi
1073 1843 1192 1904 Domini
1209 1850 1263 1916 84,

184 1949 216 1989 ex
228 1931 366 1994 Anthene
380 1931 461 1991 dicto
477 1950 543 2010 pag.
555 1933 630 1997 323.
644 1931 678 1992 B.
693 1931 892 2013 deputaverit,
913 1941 944 1992 et
957 1949 996 1990 ex
1008 1929 1114 1989 indicii
1126 1932 1264 1995 comulto

185 2008 253 2097 (quir
266 2017 345 2081 enim
361 2036 378 2075 e
394 2014 526 2095 spiritur
542 2015 571 2078 S.
585 2014 619 2074 in
631 2016 792 2095 Apoetolor
804 2018 917 2097 illapsu
934 2014 1032 2075 lucebi
1047 2013 1265 2094 promotionem

182 2102 271 2161 entim
284 2101 462 2181 completam
476 2096 635 2181 existimet)
650 2121 761 2162 annum
772 2100 947 2180 cogitaverit
956 2099 1128 2173 obeuntem3
1149 2100 1265 2182 Hyme-

182 2187 239 2245 mei
267 2185 495 2263 duodecimum,
525 2181 559 2244 nt
578 2184 611 2243 in
633 2184 747 2247 eduini
766 2187 838 2254 275.
869 2187 1044 2260 obeuntem,
1076 2184 1120 2243 ite
1139 2183 1173 2243 in
1193 2192 1266 2254 276.

181 2266 323 2329 ineuntem
342 2270 496 2330 incurrere
522 2288 561 2329 ex
583 2269 689 2330 ordine
714 2270 933 2350 deprehendet:
956 2268 1004 2328 cui
1027 2289 1065 2327 ex
1086 2267 1267 2350 Theophane

184 2354 291 2431 Georgii
307 2355 516 2412 continuatore
528 2353 614 2411 ennio
626 2354 697 2413 totio
712 2363 842 2433 quotuor
854 2363 884 2413 et
895 2352 1000 2431 viginti
1015 2352 1161 2432 ascriptio,
1183 2356 1266 2416 eine·

182 2435 242 2497 dem
258 2438 377 2498 tertium
391 2436 539 2496 decimum
554 2435 587 2494 in
601 2436 779 2497 Diocletiani
798 2438 932 2519 primum
946 2437 1050 2497 mundi
1065 2443 1158 2505 2777.
1176 2440 1268 2500 chri.

181 2518 566 2602 rti2770ex'1heophenio
591 2533 733 2605 computo
755 2519 903 2600 incidere,
933 2530 963 2583 et
985 2522 1106 2600 Georgii
1134 2525 1265 2586 calculos

182 2625 244 2666 eum
262 2606 450 2690 'theophanio
468 2614 609 2690 computo
630 2607 822 2670 concordium
840 2607 916 2669 inire
938 2628 1026 2688 pesse
1046 2607 1178 2683 nedem,
1211 2609 1266 2670 de-

182 2701 281 2752 oemttt·

203 2863 364 2907 dentem
396 2861 462 2906 Auni
476 2860 541 2905 Cleri-
578 2860 681 2911 Romani
694 2865 769 2924 Impe-
792 2863 935 2909 induemur
953 2861 1003 2909 lle·
1020 2861 1126 2920 nemu,
1146 2863 1233 2911 Antie-

217 2931 355 2978 dteendr‘tu.
444 2932 487 2976 eti·
624 2941 725 2982 ratores.
873 2946 927 2996 (ee.
1021 2931 1104 3010 chiae,
1123 2932 1232 2979 Alexan·
