3428 4998
562 384 624 451 ΕΤ
644 379 995 452 ANNOTATIONES·
1250 374 1326 453 579

254 547 314 606 dem
326 542 387 603 sius
399 548 485 622 pater
498 559 577 601 anno
590 537 654 600 Noe
667 541 739 607 600.
754 537 922 624 productus
934 559 973 600 ox
984 538 1089 599 Gener.
1101 556 1167 619 cap.
1181 541 1210 607 ὅ.
1225 561 1254 603 v.
1267 542 1325 605 ult.

254 625 426 690 centenarius
452 626 592 690 civitam
607 625 779 685 contulisset
793 624 869 688 Gen.
884 645 949 704 esp.
966 631 1017 691 11.
1030 642 1062 684 v.
1078 627 1128 688 10.
1170 626 1327 685 Senserat

253 717 317 780 100.
334 730 483 771 annorum
498 706 623 792 quando
636 713 744 790 genuit
762 707 955 790 Αφίιααααία
982 726 1072 788 quaro
1084 727 1148 768 nou
1164 708 1222 769 alio
1236 731 1326 791 quom

251 796 349 858 diluvii
360 797 496 856 obcuutis
510 814 599 855 enno.
640 794 782 869 Quamvis
793 815 882 868 porro
894 790 967 875 perol
981 789 1034 856 uir
1047 790 1254 873 κατακλυσμόν
1264 796 1325 856 Ar·

250 879 360 963 pliusd
374 881 451 941 diem
469 880 597 940 natalem
618 888 729 940 asserat
749 897 815 958 pag.
830 883 880 945 86.
899 878 1004 954 oitsta,
1024 877 1136 957 privati
1149 886 1248 939 tamon
1267 898 1323 940 cu·

250 966 346 1044 iusque
367 962 555 1025 Patriarclrse
575 973 700 1023 aetatem
721 963 911 1044 filiorumque
933 973 1018 1024 ortus
1041 962 1080 1020 sd
1104 963 1210 1024 mundi
1230 984 1325 1025 annos

250 1068 413 1129 comparans
433 1050 550 1130 abipso
570 1048 679 1109 diluvii
693 1068 771 1108 suno
787 1058 817 1109 et
829 1047 993 1129 Arphaxad
1010 1056 1078 1107 ortu
1092 1054 1233 1126 tunquam
1250 1068 1325 1130 epo·

250 1133 300 1192 cla
311 1133 467 1194 certissima
487 1136 590 1194 seriem
606 1153 724 1194 omnem
739 1153 809 1195 cum
824 1134 892 1194 loco
905 1133 1040 1215 praelato
1054 1141 1118 1191 tum
1131 1152 1199 1213 pig.
1211 1139 1263 1199 99.
1279 1133 1325 1194 di-

248 1218 328 1278 sortis
340 1218 436 1278 verbis
451 1219 581 1280 deducit.

267 1352 269 1357 .
324 1297 425 1382 Γρπβ.
447 1302 503 1377 ἕως
520 1295 641 1381 πρώτου
661 1300 746 1375 ἔτους
765 1294 897 1382 ’Λβρνδμ
915 1293 1066 1381 Ετίσίβιυς
1085 1297 1253 1384 liliosam]
1278 1301 1327 1362 dd

247 1404 334 1446 annos
346 1389 439 1454 8202.
454 1409 471 1446 a
486 1386 590 1446 muudi
605 1386 728 1447 exordio
744 1385 782 1446 ad
798 1385 943 1446 Abrohom
959 1385 1038 1445 diem
1052 1386 1179 1445 ustolem
1193 1386 1229 1446 ab
1243 1387 1326 1448 Afri.

248 1489 317 1530 cauo
329 1470 483 1548 collectos,
506 1471 593 1531 suuis
609 1472 722 1532 cainan
736 1470 925 1538 debitis100.
939 1479 969 1530 ot
982 1471 1083 1530 decom
1095 1470 1214 1549 additis,
1235 1472 1327 1533 sliam

246 1573 385 1616 ranorum
400 1576 547 1616 summum
565 1559 659 1624 8812.
679 1574 755 1636 quac
766 1556 805 1615 sd
821 1555 963 1616 luthoris
981 1565 1184 1632 mentemst,
1206 1576 1328 1638 compo·

245 1657 311 1699 uero
328 1640 517 1701 facillimums
546 1659 583 1700 cx
605 1661 664 1720 qun
683 1661 802 1702 rursum
822 1660 936 1700 summa
959 1640 1100 1702 detractis
1113 1641 1224 1701 cainan
1241 1642 1327 1703 annis

246 1726 311 1790 180.
331 1724 386 1785 soli
406 1735 569 1806 supersunt
590 1728 684 1793 3182.
705 1725 813 1807 quibus
838 1745 877 1784 ex
902 1725 1028 1785 Eusebio
1054 1735 1158 1785 netum
1178 1725 1327 1786 Abraham

244 1810 410 1870 oscitantius
430 1810 549 1870 Author
563 1811 677 1871 asserit.
717 1810 758 1870 At
772 1830 840 1870 curn
858 1830 920 1869 non
935 1829 969 1869 eo
986 1831 1048 1889 quo
1069 1811 1216 1871 diluvium
1230 1811 1329 1871 couti-

242 1891 284 1969 git
299 1914 394 1970 anno,
413 1896 499 1955 velut
512 1894 689 1970 Africanus,
713 1894 756 1954 its
769 1894 914 1955 Eusebius
929 1896 1059 1974 genitum
1073 1894 1252 1977 Arphaxad,
1273 1895 1327 1955 sed

242 1976 351 2056 integro
363 1989 433 2060 post
449 1979 526 2040 illud
538 1978 658 2040 biennio
672 1980 793 2060 probets
824 1978 898 2039 lriue
916 2001 978 2039 non
996 1983 1089 2046 3182.
1110 1991 1214 2042 ustum
1230 1980 1326 2042 Abra·

241 2057 305 2121 lum
322 2064 440 2144 posuit,
464 2064 518 2125 sed
534 2064 627 2130 3184.
649 2066 734 2125 cuius
755 2064 914 2124 Eusebiani
936 2067 1053 2126 numeri
1074 2067 1243 2126 accuratius
1260 2086 1327 2146 per·

240 2147 320 2226 posui
340 2149 457 2209 Autlrdr
476 2151 539 2230 ipss
554 2158 659 2210 testem
674 2171 705 2210 se
725 2151 840 2231 profert
858 2148 955 2230 pagio.
969 2154 1020 2217 87.
1038 2152 1072 2214 Β.
1085 2154 1136 2217 89.
1152 2150 1187 2212 D.
1208 2156 1277 2216 111.
1293 2151 1326 2208 B.

241 2232 367 2377 etsslris.
397 2251 471 2313 quac
492 2235 610 2294 numeri
627 2224 731 2321 Jypnr‘.
749 2235 844 2302 8184.
863 2235 898 2294 iu
914 2236 1047 2314 mergiue
1067 2237 1256 2316 supponendi
1277 2254 1328 2297 rs·

240 2323 282 2375 lto
307 2316 358 2378 ull.

319 2401 397 2485 Περί
412 2405 475 2465 τῶν
490 2398 564 2482 paral
578 2397 630 2464 τᾶν
649 2398 857 2483 κατακλυσμόν
872 2395 1026 2484 Αίγύπταυ
1042 2402 1248 2484 δυναστειῶν]
1269 2404 1327 2476 llo-

240 2501 307 2561 gum
322 2487 448 2567 Aegypti
464 2496 494 2546 et
510 2485 717 2565 Dynastiarum
734 2486 797 2545 sius
815 2489 866 2552 81.
887 2487 1029 2548 latercula
1050 2488 1110 2550 duo
1127 2489 1163 2549 ob
1185 2490 1324 2551 Africano

240 2576 270 2626 et
283 2568 403 2628 Eusebio
423 2590 461 2630 cx
475 2569 662 2631 llouctlronis
680 2571 819 2651 operibus
836 2571 947 2651 digesta
961 2575 1105 2653 separatis
1118 2572 1194 2633 locis
1209 2573 1326 2651 profert

239 2652 366 2730 Scaliger
377 2653 410 2711 in
425 2655 590 2734 excerptis:
619 2655 701 2714 illius
716 2675 781 2734 pag.
797 2657 870 2721 365.
884 2657 1007 2715 alterius
1021 2677 1079 2735 pag
1095 2657 1144 2723 14.
1161 2656 1243 2715 illius
1258 2674 1326 2716 rur.

239 2755 303 2796 sum
321 2737 467 2799 laterculo
484 2738 610 2798 tilulum
628 2736 709 2797 hune
729 2737 888 2800 adinvenit.
920 2739 1066 2818 βασιλέων
1079 2740 1254 2822 Αἰγυπτίων
1273 2741 1326 2803 δυ-

238 2823 368 2886 ναστείαν
377 2819 452 2886 rard
466 2819 523 2903 aria
534 2819 675 2904 δαυτίραν
687 2820 808 2885 ἔνδοσιν
819 2818 886 2902 (qui
897 2822 987 2883 aliurn
1001 2844 1062 2883 nou
1076 2823 1221 2901 exhibuit,
1234 2824 1327 2903 quiu-

238 2905 325 2967 immo
339 2908 484 2967 diversam
499 2905 536 2964 ab
550 2925 585 2965 eo
598 2916 629 2965 st
641 2905 802 2966 secundnm
816 2907 960 2969 Eusebius
973 2905 1079 2987 edidit)
1099 2907 1133 2971 δν
1150 2912 1213 2972 τῶν
1227 2905 1326 2990 τόνων

237 2995 378 3053 Moneo?
393 2995 449 3054 rori
463 2989 566 3072 ίερίως
578 2991 762 3072 Αἰγυπτίου,
790 2992 887 3072 (quasi
905 3012 943 3052 cx
955 2993 1023 3073 ipso
1036 2988 1215 3052 iliaiietlrunc
1228 2995 1324 3053 colle-

238 3075 327 3152 gerit,
351 3084 383 3134 et
400 3095 462 3134 non
483 3096 521 3136 cx
543 3073 665 3154 Georgii
689 3076 821 3156 Syncelli
841 3075 1104 3160 chronographico
1124 3077 1326 3163 syntagmate)

238 3154 341 3243 spritu
355 3159 512 3221 δυναστεία
525 3162 672 3222 Θεινιτδν
687 3160 832 3240 dorsuna
846 3156 931 3225 irad.

320 3238 410 3306 Msrrl
425 3236 535 3315 νεκυίας
551 3239 623 3315 τους
636 3241 806 3324 ἡμιθέους]
830 3247 926 3305 Semel
942 3265 977 3304 ac
996 3243 1105 3304 iterum
1120 3243 1267 3306 Semidsos
1289 3267 1325 3306 ac

236 3322 346 3402 νεκυίας
358 3328 492 3389 diversos
509 3326 603 3388 resert
621 3325 738 3387 Author
751 3348 817 3406 pag.
832 3331 883 3396 40.
905 3331 942 3391 l).
958 3328 1008 3388 hic
1020 3328 1136 3390 subluto
1151 3329 1323 3392 discrimine

236 3414 351 3476 widem
370 3412 485 3482 statuit,
527 3411 678 3472 semideos
700 3421 731 3473 ct
743 3412 857 3473 Heroas
879 3412 945 3493 quis
964 3413 1098 3475 diversos
1119 3415 1240 3492 lrabeat,
1261 3416 1322 3476 nisi

235 3500 285 3580 qui
297 3499 417 3560 nomine
429 3498 569 3576 Deorum,
590 3517 664 3578 quos
676 3496 823 3557 maiorum
838 3498 985 3577 gentium
1007 3499 1211 3562 Semidoorum
1219 3546 1228 3576 ,
1248 3521 1323 3581 quos

232 3585 382 3730 lippupirum
394 3583 549 3727 gentiipnpp
565 3577 696 3728 νῖνῗτίων,
717 3603 793 3665 quos
807 3581 918 3644 Heroas
926 3629 942 3671 ,Ι
956 3589 1101 3665 θνητῶν,
1121 3606 1198 3667 quos
1210 3595 1321 3647 mortu-

322 3688 435 3745 crmus,
454 3688 518 3727 me
542 3688 584 3746 rga

318 3752 492 3833 Θεετνίτης]
515 3755 666 3833 Θεινίτης,
688 3763 719 3813 et
732 3752 857 3832 Θτνίτης
873 3753 951 3812 iufra
967 3752 1090 3832 legitur,
1110 3775 1128 3812 s
1139 3753 1241 3815 Theou
1260 3755 1321 3815 lor-

233 3856 287 3898 san
299 3838 468 3898 Nomadum
483 3838 595 3919 oppido
612 3859 629 3896 a
647 3838 744 3898 Plinio
757 3838 809 3897 lib.
824 3842 853 3904 6.
869 3857 933 3918 cap.
951 3843 1000 3904 19.
1018 3838 1176 3900 celebrato.

319 3916 515 4001 Ου’σαφαῖδυς
527 3922 577 4003 ίτη
590 3918 639 4002 αἲ]
661 3922 812 3983 Divinarit
824 3923 953 4001 Scaliger
966 3921 1015 4002 ἔτη
1029 3917 1061 3988 ε’.

314 4002 409 4085 Ὁμοῦ
427 4007 477 4087 ltu
501 4003 585 4089 σνγ’.]
606 4010 685 4068 llaro
709 4008 898 4068 consentiunt
918 4009 1057 4088 pertiules
1077 4027 1146 4068 cum
1168 4004 1320 4081 totalibus,

233 4099 264 4151 et
277 4087 360 4170 ipsse
378 4091 484 4149 toteles
502 4092 541 4152 ad
560 4113 591 4152 se
612 4113 643 4153 se
662 4094 789 4153 inuicem
808 4093 1010 4171 colligendae,
1030 4094 1064 4153 iu
1083 4091 1130 4151 liis
1146 4090 1277 4150 Africani
1290 4100 1321 4150 et

233 4172 354 4237 Eusebii
375 4173 585 4253 Aegyptiorum
614 4199 716 4255 regum
743 4178 1018 4257 diagrammatibus,
1053 4194 1191 4235 summae.
1240 4175 1322 4248 Quid

233 4280 366 4342 agerem,
388 4258 442 4318 diu
457 4259 566 4318 dubius
578 4260 672 4321 hacsi:
698 4263 751 4322 lias
766 4285 804 4323 su
825 4263 892 4322 illas
905 4261 1106 4330 emendarem,
1128 4267 1158 4317 ot
1171 4279 1229 4338 qua
1243 4280 1322 4320 com-

235 4342 516 4428 ponerem'ratione
535 4363 596 4403 uou
616 4348 706 4405 semel
726 4357 859 4408 attentus
877 4344 1034 4428 perpendi:
1062 4343 1181 4404 tandem
1200 4365 1239 4404 ne
1259 4363 1321 4405 non
