2888 5002
263 422 340 498 650
643 429 996 503 emoramomes.

266 593 316 654 lue
331 587 491 671 Nicephori
502 587 691 651 Patrisruhaa
701 596 867 651 coauctam
881 597 1014 669 tempus,
1034 596 1064 648 et
1077 586 1133 650 sub
1145 588 1255 669 quilius
1265 586 1338 658 vixit,

265 677 478 757 Imperatoree,
497 696 561 737 uon
583 695 634 735 eos
652 683 835 756 postremos,
863 674 917 751 qui
936 673 1113 754 eerupulum
1131 674 1281 754 ingerant,
1298 671 1340 732 sed

266 760 435 842 superiores
451 769 548 822 certae
563 759 695 821 veritatis
709 769 816 834 teatas,
837 756 1010 819 bliehaelem
1030 758 1156 818 Balbum
1174 758 1259 834 dico,
1277 756 1340 816 leo-

266 845 316 908 uie
332 844 481 920 Armenii,
502 843 555 926 qui
568 843 774 925 Nicephorum
787 842 990 904 Patriareham
1013 842 1219 917 exenteravit,
1238 860 1341 902 succe·

267 950 382 1074 porpm,
401 939 432 990 et
450 927 652 1076 staffilum
673 926 826 1073 {inpressa
845 928 969 1073 fillhhhh
987 924 1344 1079 Nffpg⁰⁶·pi,⁰l”⁸¹²2

267 1035 300 1076 m
339 1034 513 1075 ocousea
610 1027 658 1073 rue
744 1033 841 1074 acm
968 1054 977 1072 .
1227 1030 1289 1071 mus

268 1099 389 1160 alterim
403 1035 548 1160 lireriarii
564 1096 711 1160 flietorioi
729 1099 828 1179 stylus
845 1089 942 1174 idem,
962 1104 993 1156 et
1007 1031 1254 1175 genuspeliuoendi,
1272 1052 1345 1175 qdale

268 1182 406 1246 a'Photio
420 1183 493 1249 Coal.
504 1188 558 1253 66.
575 1181 770 1245 describiturt
791 1181 881 1242 huius
896 1191 926 1241 at
938 1181 1058 1242 alterim
1076 1180 1178 1263 operis
1194 1179 1283 1241 wba
1299 1196 1345 1236 ea-

268 1268 337 1331 dem
355 1268 389 1329 in
405 1267 503 1329 titulis
525 1276 682 1348 usurpata;
708 1266 792 1327 illius
815 1259 999 1346 Νικηφόρον
1023 1259 1216 1346 Herpedpzou
1245 1262 1346 1361 imple

269 1351 425 1434 σύντομος,
446 1351 535 1414 huius
551 1347 726 1434 Νικηφόρον
742 1354 812 1414 ΚΠ
827 1344 1061 1430 ἆρχιεπισκόπου
1072 1351 1276 1431 χρονογραφία
1287 1366 1346 1409 eus·

268 1459 374 1517 eopoge
397 1437 469 1496 adeo
484 1446 519 1497 ut
530 1438 648 1517 gemelli
661 1437 758 1496 foetus
778 1455 841 1494 nou
856 1454 947 1493 unum
963 1432 1055 1511 magia
1074 1434 1231 1512 requirant
1248 1433 1346 1505 alvum,

269 1540 358 1601 quam
380 1519 562 1581 llistoricum
582 1530 613 1582 et
635 1518 887 1594 Chrouologicum
911 1516 1097 1579 breviarium
1116 1537 1212 1577 unum
1230 1517 1347 1577 relermt

269 1614 397 1686 patrem.
418 1606 449 1672 4.
471 1603 606 1686 Opponit
619 1603 741 1665 Vossius
762 1601 936 1663 Theodorae
954 1610 984 1662 et
1003 1599 1156 1662 Michaelis
1175 1602 1209 1661 1².
1229 1611 1348 1681 tempore

270 1688 545 1771 Clrronographiam
558 1690 646 1750 iatam
659 1687 758 1750 liniris
776 1687 893 1748 Addam
907 1706 961 1765 ego
977 1686 1016 1745 ad
1028 1687 1173 1747 Baailium
1190 1706 1283 1768 usque
1294 1684 1348 1745 tta·

269 1774 412 1834 cedonem
437 1772 573 1855 protrahi
593 1792 662 1855 pag.
686 1773 813 1841 4061).
837 1782 868 1833 et
888 1769 1088 1851 'theophanus
1108 1772 1218 1833 Leonis
1239 1772 1299 1831 eius
1318 1767 1347 1826 t.

269 1859 372 1920 uxoria
390 1859 549 1920 memorari
571 1877 680 1918 nomen
701 1876 769 1939 pag.
793 1857 864 1925 405.
887 1856 928 1917 ad
948 1857 1059 1916 oeleem
1080 1866 1272 1937 postremam:
1296 1853 1348 1914 riae

267 1943 461 2005 nihilosecius
478 1944 593 2003 nullam
608 1942 682 2003 liaeo
696 1942 783 2002 nobis
804 1943 932 2015 inferre,
952 1941 1004 2001 eed
1018 1942 1184 2002 recentiora
1196 1959 1284 2000 manu
1300 1956 1349 2012 sp·

267 2026 350 2108 picta
374 2027 538 2104 iudicabit,
567 2027 619 2107 qui
642 2047 791 2089 summam
808 2026 953 2108 temporie
974 2026 1067 2085 totiue
1081 2047 1099 2084 a
1113 2025 1219 2086 mundi
1238 2022 1348 2084 condita

268 2112 308 2173 ad
329 2112 483 2193 scriptoria
501 2123 643 2191 aetatem,
669 2112 703 2172 in
720 2109 918 2192 Theophilum
943 2110 1076 2171 deaiuere
1097 2131 1128 2191 p.
1151 2111 1224 2176 404.
1245 2109 1280 2168 A.
1294 2104 1349 2165 sai·

266 2194 453 2258 madvertere
472 2218 535 2258 uon
557 2195 744 2259 detrectabit.
766 2197 796 2263 6.
819 2197 1017 2271 Postremum,
1040 2213 1101 2255 non
1122 2195 1255 2254 intimem
1278 2192 1349 2263 licet,

268 2280 400 2360 suggerit
422 2281 579 2341 delineatio
600 2282 769 2362 Apparatus
788 2280 937 2342 Historiae
955 2280 1138 2360 Byzantium
1152 2299 1171 2338 a
1185 2280 1221 2338 ll.
1234 2278 1267 2337 P.
1282 2274 1350 2337 l’hi-

266 2364 354 2446 lippo
368 2365 466 2425 Labbo
480 2365 604 2444 digaeta:
628 2365 727 2426 Verbo
740 2364 934 2444 Nicephorue.
962 2366 1000 2424 In
1012 2363 1142 2423 dubium
1155 2360 1281 2442 quidum
1293 2372 1349 2419 tro·

266 2449 360 2525 liunt,
382 2469 425 2509 ars
439 2451 505 2509 eiua
525 2447 696 2531 (Nicephori
712 2450 767 2513 CP.
781 2446 983 2531 Patriarchoe)
1003 2452 1059 2522 eit,
1082 2470 1161 2527 quae
1174 2450 1284 2509 Graece
1297 2447 1350 2502 Ln-

267 2536 388 2614 tiaeque
398 2531 483 2594 edita
496 2545 541 2594 eet
557 2534 779 2615 Chronologs‘a:
798 2532 1052 2613 eedsnos'lls‘mum
1059 2536 1129 2612 suit
1142 2545 1202 2592 tras
1216 2542 1350 2612 quatuor·

268 2639 304 2679 ve
324 2619 520 2698 huperatorea
543 2630 572 2680 et
593 2618 799 2681 patriarchae
828 2617 874 2679 ad
892 2618 1038 2680 Flentium
1061 2639 1159 2699 usque
1178 2629 1206 2677 et
1227 2629 1351 2693 temporo

267 2704 432 2764 Anastaes'i
447 2704 684 2765 Bibliothecnrs'i
705 2703 889 2786 adiungere,
918 2701 1175 2784 quemadmodum
1201 2701 1273 2759 nls'is
1293 2696 1350 2776 ple·

270 2790 370 2867 rieqeee
383 2790 584 2869 acriptors'bue
599 2788 729 2850 occidite
752 2791 857 2867 Neque
875 2809 944 2847 vero
959 2808 995 2845 ea
1011 2786 1048 2843 de
1067 2807 1099 2843 re
1119 2784 1268 2861 ambigere
1281 2786 1350 2839 etan

269 2873 464 2950 importerum
492 2874 659 2931 Anceetueie'
683 2873 919 2931 Bibliotbeenrs‘s'
946 2867 992 2928 ad
1017 2869 1164 2929 quenum
1187 2871 1350 2929 Diaconum

266 2956 438 3054 prosatio,
460 2955 494 3013 in
509 2975 573 3035 ques
580 2953 662 3052 ‘leaeo
673 2956 815 3033 leguntur
818 2975 896 3034 pag.
907 2956 938 3020 3.
955 2950 1041 3017 Edu.
1056 2954 1192 3051 Regiae,
1206 2952 1276 3013 lluie
1288 2967 1349 3046 sane⁸

268 3038 845 3206 ttetefttl.l“¹,l.{³,;0l:‡:?¹'tt¹
859 3038 1349 3205 ili-'iifhisshiimpieimil

268 3209 412 3289 quantula
432 3229 570 3287 carpere,
599 3218 630 3269 et
654 3208 748 3268 sicubi
774 3207 910 3268 fortassis
928 3205 988 3267 huo
1007 3209 1154 3269 utendum
1174 3205 1349 3274 iudicaretis,

268 3302 352 3353 tuam
372 3313 434 3370 uon
456 3294 547 3353 lateat
569 3293 692 3353 omniuo
711 3292 858 3354 notitiam.
900 3292 981 3353 llaec
1002 3293 1175 3354 Asimtaeiue
1196 3288 1349 3369 nicephoro

269 3396 400 3457 eoppae,
420 3376 503 3437 etde
523 3376 685 3459 Nicephori
701 3375 946 3456 Chrouograplsia
962 3378 1065 3453 tertis,
1086 3386 1118 3437 et
1137 3379 1235 3437 omnis
1256 3375 1288 3433 de
1300 3371 1349 3430 illa

271 3462 489 3522 conhovaraiae
502 3459 594 3522 iudex
608 3482 686 3544 pene
703 3461 800 3522 dicam
820 3480 983 3542 eupremm.
1024 3462 1073 3523 ad
1093 3480 1250 3541 quemnam
1268 3476 1349 3537 porra

268 3545 393 3605 limitem
408 3544 570 3628 Nicephori
590 3555 729 3607 excurrat
740 3543 983 3627 Chronographia
1006 3546 1226 3619 sciscitantem,
1245 3544 1280 3601 ad
1298 3538 1347 3599 lli.

269 3627 380 3690 chaelie
400 3629 485 3690 Balbi
505 3640 689 3711 poetramum
709 3640 738 3691 et
755 3629 912 3710 Theophili
929 3632 1061 3712 primum
1081 3628 1171 3688 docet
1189 3628 1287 3689 titulus
1305 3624 1348 3684 hie

269 3713 386 3791 verbis,
407 3712 491 3796 μέχρι
512 3711 630 3796 χρόνων
650 3710 776 3796 Μιχαὴλ
797 3716 849 3779 arel
871 3717 1023 3794 Θεοφίλου
1047 3712 1120 3775 niori
1142 3707 1255 3787 αὐτοῦ.
1272 3720 1297 3773 et
1312 3708 1348 3769 nl

268 3797 363 3878 ipsius
385 3796 547 3879 Nicephori
569 3820 680 3860 aunum
703 3800 786 3861 vitae
806 3802 947 3861 ultimum
973 3819 1035 3857 uon
1050 3796 1168 3862 addere.
1212 3798 1304 3860 taam
1319 3802 1349 3852 tl

269 3882 359 3944 certis
373 3902 550 3965 reaponeum
564 3884 623 3945 hoc
637 3884 770 3950 fulcitur.
806 3884 896 3945 dmm
911 3880 1074 3962 Nicephori
1089 3883 1265 3961 Logothetee
1274 3884 1346 3943 Bw·

268 3968 344 4048 Isnp.
360 3979 482 4047 quarto,
504 3967 586 4048 qteia
600 3968 711 4029 Christi
726 3970 820 4029 natali
839 3971 913 4035 798.
933 3967 1015 4046 apud
1030 3966 1257 4049 Theophanem,
1275 3960 1348 4044 apud

268 4052 432 4114 Baronium
446 4063 476 4115 et
496 4072 635 4132 sequaces
657 4052 769 4113 Chrieti
784 4051 918 4112 eiusdem
932 4054 1005 4118 606.
1025 4063 1214 4130 numeratur,
1234 4044 1346 4113 etiadi·

270 4138 371 4197 ctione
383 4140 432 4206 14.
446 4139 597 4217 signatur,
619 4134 698 4197 circa
717 4134 867 4198 Paechatis
882 4136 1098 4198 eolemuitatem
1119 4137 1264 4221 (Tarasiua
1277 4129 1345 4192 euim

268 4221 420 4283 Februarii
441 4224 495 4290 25.
516 4223 594 4283 diem
613 4219 754 4281 ultimum
773 4222 907 4296 obierat,
928 4229 957 4281 et
979 4222 1017 4281 de
1033 4222 1204 4285 Pstsisrclae
1225 4212 1346 4295 aligtssd⁰

269 4306 421 4366 contentio
439 4328 501 4367 non
519 4305 677 4367 mediocris
694 4304 872 4385 interceeeit)
894 4305 1078 4386 Nicephorue
1090 4328 1180 4390 panea
1201 4305 1345 4383 Impense

268 4410 361 4451 sema
375 4393 511 4485 Semetie,
533 4393 639 4456 relicto
654 4390 775 4466 Palatio,
791 4391 830 4454 ed
845 4391 1085 4457 Ecclesiasticum
1099 4393 1232 4456 ordinem
1241 4384 1344 4463 migrat,
