2946 4996
263 394 313 467 so
645 385 977 472 mmmmm

260 556 397 623 infinitis
415 556 615 622 multitudinis
628 579 691 622 non
706 558 823 622 emisse.
865 560 977 625 Eodem
1003 557 1093 622 modo
1106 567 1137 621 et
1149 560 1280 623 eliorum
1291 581 1353 625 nu-

260 666 411 707 merorum
434 645 555 706 nomino
579 655 645 708 orte
670 665 733 706 esso
754 645 909 706 videntur:
932 654 1025 733 egro„
1048 645 1128 723 elno,
1149 668 1167 706 o
1188 651 1270 731 rget,
1290 648 1353 708 ite-

260 731 357 807 rsvit3
375 729 523 791 eecesndus
534 753 552 790 s
564 731 661 812 sequi5
683 728 779 807 levio,
800 751 911 807 novem,
923 734 1007 808 mres,
1021 752 1110 807 nmen,
1129 752 1251 791 cnoro:
1273 731 1355 792 unde

260 816 327 896 quis
339 835 402 876 non
422 816 497 877 falso
515 816 650 895 colligat,
671 815 777 878 seriem
793 834 984 876 numerorum
1001 816 1161 895 originitus
1177 817 1209 876 in
1228 836 1354 877 nomem

258 909 365 962 octsvo
387 899 503 961 finitam
523 902 630 977 fuissm
651 900 805 982 poulrtim¹
821 919 894 961 vero
910 920 1023 961 novum
1041 921 1201 963 numerum
1217 901 1354 963 additum

258 1004 322 1047 esse
327 1029 337 1063 ,
359 985 408 1044 cui
421 985 490 1046 inde
504 1005 614 1047 nomen
629 1005 668 1046 ex
683 1005 759 1044 novo
773 985 926 1047 meuserit.

342 1069 440 1130 Imber
458 1070 565 1149 igitur,
587 1071 640 1151 qui
658 1071 772 1130 multoe
788 1090 843 1151 per
861 1070 973 1131 diesin
993 1078 1104 1131 terrem
1127 1069 1234 1146 irruit,
1257 1069 1353 1130 imber

258 1151 467 1235 quadraginta
489 1155 605 1216 dierum
625 1165 681 1223 est.
730 1155 769 1216 Et
789 1153 1001 1235 quodraginta
1022 1158 1098 1214 oons'
1124 1159 1231 1242 γενεᾷ,
1254 1156 1353 1231 αἰῶνι,

257 1238 451 1317 generationi,
471 1240 590 1301 saeculo
603 1238 792 1320 respondent.
834 1239 932 1300 David
946 1239 1104 1321 impersvit
1116 1243 1173 1325 μιᾷ
1184 1242 1274 1324 γεννᾷ
1288 1239 1310 1298 i.
1327 1258 1355 1300 e.

257 1318 301 1383 ex'
315 1323 489 1385 liebreismo
515 1323 708 1404 qusdrsginte
722 1344 777 1405 per
792 1344 894 1388 runos.
945 1324 996 1385 Sic
1008 1325 1111 1384 locum
1125 1324 1223 1384 Exodi
1240 1330 1272 1389 2.
1298 1328 1353 1389 11:

258 1427 370 1488 „quum
385 1409 480 1468 Moses
493 1411 743 1489 magnuesactus
754 1419 831 1469 esset
843 1402 963 1493 (51³3),
985 1429 1117 1489 egressus
1133 1417 1179 1468 est
1192 1408 1231 1468 erl
1244 1409 1352 1469 iratree

257 1490 349 1552 suos’'
371 1491 540 1571 Steplnnus
560 1492 594 1553 in
614 1492 696 1553 Actis
716 1494 850 1574 Apostol.
868 1500 899 1559 7.
921 1498 973 1561 23.
995 1493 1120 1566 reddiit,
1132 1493 1233 1567 Quum
1254 1492 1353 1552 Moses

256 1573 470 1657 quodraginta
491 1598 643 1636 annorum
659 1586 750 1652 esset,
772 1597 905 1656 egressus
923 1586 977 1639 est.
1021 1578 1060 1636 Et
1074 1578 1219 1657 Georgius
1237 1587 1352 1654 noster,

256 1680 344 1739 quem
365 1679 430 1740 psg.
448 1665 518 1728 121.
538 1661 572 1719 ί).
592 1657 788 1741 ἄνδρωθὲντα
801 1660 935 1737 dixerat,
955 1662 1091 1722 eumdem
1103 1661 1206 1723 Mosen
1217 1681 1283 1742 peg.
1301 1680 1352 1721 se·

254 1743 359 1825 quenti
383 1748 454 1811 122.
467 1745 502 1803 Δ.
517 1745 713 1824 qurtlrsgintr
727 1764 822 1803 ennos
836 1754 940 1804 netum
954 1745 1052 1805 dicte·

339 1829 437 1887 litium
459 1848 497 1887 ex
515 1828 572 1888 irre
594 1830 708 1889 nmneri
724 1829 902 1908 quadrageni
916 1839 1022 1889 nature
1039 1836 1179 1910 apparet,
1202 1836 1350 1907 quintum

255 1912 444 1973 auctoritatis
465 1912 550 1973 libris
570 1912 759 1992 Apocryplris
777 1913 809 1971 in
824 1913 912 1974 rebus
925 1912 1076 1974 lristoricis
1090 1911 1282 1974 tribuendum
1298 1913 1349 1976 sit.
1413 1970 1417 1977 .

340 1997 409 2075 Peg.
429 1996 458 2062 6.
480 2006 511 2058 et
530 2002 560 2064 6.
582 1999 729 2076 Georgius
752 1998 857 2057 Vitam
871 1996 1094 2072 Moericum,
1115 2017 1153 2057 ex
1176 2017 1235 2078 qus
1255 1997 1350 2057 refert

254 2099 411 2141 numerum
428 2081 559 2155 dierum,
582 2082 690 2160 quibus
707 2081 817 2142 bestiee
833 2082 954 2141 nomine
969 2082 1091 2141 sortitae
1103 2081 1183 2157 sint,
1207 2100 1268 2161 quo
1283 2081 1349 2140 Ere

252 2164 397 2242 formata,
417 2186 476 2245 quo
489 2165 635 2239 idemus,
658 2185 778 2246 quoque
793 2166 841 2225 die
854 2165 918 2227 Era
930 2166 963 2225 in
975 2165 1148 2227 Paradisum
1162 2164 1286 2224 inductu
1300 2165 1348 2228 sit.

252 2249 368 2309 Nullibi
389 2260 506 2329 proeter
520 2250 678 2330 Georgium
700 2250 880 2310 mentionem
898 2248 986 2309 huius
1006 2250 1076 2310 libri
1098 2251 1207 2309 sectam
1222 2268 1286 2310 esse
1300 2269 1347 2310 re-

251 2332 355 2414 perio,
374 2343 422 2414 ct,
443 2334 475 2391 ni
497 2334 598 2409 fallor,
620 2339 695 2415 pers'
710 2333 853 2413 quaedum
868 2334 983 2414 saepius
999 2335 1105 2393 citetse
1118 2353 1228 2414 porvse
1242 2334 1349 2393 Gene-

250 2437 316 2477 soos
329 2417 398 2478 suit.
439 2417 548 2478 Modus
572 2418 711 2478 nurrsndi
729 2419 763 2477 in
783 2427 908 2499 utroque
932 2417 1012 2479 libro
1032 2418 1112 2478 idem
1132 2426 1196 2495 αῖς
1216 2426 1307 2498 etque
1329 2435 1348 2477 e

250 2522 344 2582 peres
369 2501 493 2577 Genesi,
514 2503 547 2562 in
572 2523 632 2582 quo
652 2510 734 2562 certe
756 2505 868 2561 creatio
886 2501 1014 2561 hominis
1034 2513 1063 2562 et
1081 2502 1144 2562 ritr
1158 2502 1191 2562 in
1204 2502 1346 2563 Prmdiso
1464 2576 1465 2589 ἶ

249 2605 313 2645 non
334 2588 442 2646 omissa
458 2587 534 2665 suit,
557 2586 704 2646 Adsmum
728 2606 808 2646 suno
830 2595 968 2646 octrroe
987 2584 1125 2647 Peroeliso
1137 2586 1265 2645 eiectum
1282 2606 1345 2647 esse

249 2671 504 2751 eodemqueanno
522 2691 645 2732 uxorem
659 2672 752 2731 Ersm
770 2671 944 2748 cognovisse
959 2680 1116 2749 armetur,
1137 2689 1235 2750 neque
1246 2671 1345 2731 ullum

249 2755 374 2817 verbum
396 2756 433 2815 de
448 2756 553 2816 Adrmi
575 2756 742 2817 creatione:
764 2755 863 2815 omnio
878 2774 968 2832 vero,
990 2775 1066 2835 quse
1082 2754 1218 2835 inparve
1234 2755 1344 2816 Generi

248 2840 464 2917 desiderantur,
486 2860 502 2900 e
520 2841 583 2899 vito
597 2841 702 2900 Adomi
714 2840 869 2920 ‹lesumpts
880 2840 962 2919 legis.
1003 2840 1084 2899 Huic
1099 2861 1160 2899 non
1176 2849 1342 2921 oppugnet,

247 2924 330 3003 quod
343 2925 486 3003 Georgius
499 2924 555 2984 hos
570 2936 710 3005 tonquom
720 2926 778 2984 duo
786 2924 877 2984 libros
891 2924 1033 2983 discernit
1049 2945 1077 3004 p.
1086 2926 1115 2990 5.
1126 2925 1160 2983 Α.
1176 2923 1221 3001 (ἐκ
1230 2929 1285 3005 τῆς
1297 2930 1342 2987 λε·

246 3012 324 3089 πῆς
347 3008 488 3091 γενέσεως
514 3009 579 3072 uel
603 3014 659 3073 soei
690 3007 849 3090 λεγομένου
875 3010 946 3090 βίον
971 3002 1086 3091 Ἀδάμ.)
1133 3009 1232 3068 Etiam
1261 3009 1341 3068 scri·

246 3102 348 3172 ptores
364 3092 564 3173 diligentiores
584 3103 683 3174 portes
708 3094 779 3154 libri
801 3114 869 3153 curn
889 3092 1137 3174 inscriptionibus
1155 3092 1248 3152 totiur
1269 3093 1340 3154 libri

245 3176 448 3256 coniungunt,
468 3180 642 3258 praesertim
663 3179 689 3238 si
709 3182 741 3238 in
760 3198 817 3239 usu
838 3187 900 3255 est,
920 3187 1035 3258 partem
1051 3178 1149 3259 operis
1162 3178 1340 3238 nobiliorem

245 3259 335 3321 titulo
356 3270 410 3321 suo
424 3262 605 3341 distinguere
626 3261 677 3346 ¹⁴).
720 3264 758 3323 Et
772 3263 854 3341 quod
868 3262 949 3322 litem
968 3263 1097 3323 dirimit:
1119 3261 1248 3322 lliclrrbl
1264 3263 1338 3341 Gly-

245 3364 297 3405 css
321 3366 387 3427 pag·
400 3352 475 3433 211„
484 3349 599 3419 erdem,
621 3367 696 3427 quae
709 3348 853 3427 Georgius
869 3356 971 3408 noster
986 3366 1003 3408 e
1016 3348 1079 3409 rite
1094 3346 1200 3407 Atlumi
1211 3347 1300 3423 citet,
1321 3365 1338 3406 e

243 3449 339 3511 perro
353 3432 458 3489 Genesi
471 3435 630 3511 sumpsisse
643 3442 773 3492 testetur.

327 3514 456 3593 Longius
480 3516 675 3594 fragmentum
688 3515 831 3595 Georgius
851 3514 938 3576 nobis
956 3514 1087 3574 servavit
1104 3513 1227 3587 elibro‚
1248 3533 1336 3593 quem

241 3599 299 3657 En
308 3598 426 3657 oclrue
438 3600 590 3680 scripsisse
604 3602 759 3675 serebatur,
776 3601 881 3679 cuique
895 3608 977 3659 tento
993 3600 1153 3659 auctoritas
1164 3599 1244 3658 inter
1252 3597 1334 3659 chri.

241 3682 356 3743 stisnos
371 3683 591 3762 antiquissimos
606 3687 681 3762 suit,
702 3696 739 3745 ut
750 3685 954 3757 Tertullianus
966 3684 996 3742 in
1016 3683 1095 3743 libro
1109 3683 1147 3743 do
1163 3683 1335 3743 Idololatria

242 3788 308 3848 cop.
334 3768 383 3834 15.
415 3768 557 3848 Spiritum
573 3780 710 3831 ssnctmn
726 3789 780 3850 per
793 3767 968 3849 proplietam
983 3767 1139 3827 llnoclrum
1152 3788 1200 3828 res
1218 3769 1333 3828 iuturus

239 3851 453 3935 praececinisse
470 3864 612 3930 censeret,
633 3874 813 3934 quamquem
833 3873 927 3931 neque
940 3853 1019 3932 opud
1034 3853 1167 3927 ludaeos,
1190 3872 1284 3931 neque
1301 3851 1333 3910 in

239 3936 381 3996 Ecclesiis
397 3933 565 3997 christianis
584 3960 640 4018 pro
663 3938 767 3999 divino
783 3938 860 3997 libro
876 3937 996 3997 lrnbitus
1012 3947 1064 3996 cst.
1106 3936 1281 4017 Saepissime
1295 3955 1332 3994 ex

239 4040 275 4079 eo
291 4020 424 4080 nerrstio
437 4018 474 4079 de
489 4024 655 4103 lgregors'r
667 4023 783 4083 citetur.
831 4023 896 4083 lloc
917 4021 1038 4080 nominc
1062 4031 1209 4080 vocarunt
1229 4018 1333 4078 ludaei

237 4103 381 4185 Angelos,
396 4124 412 4164 e
428 4106 548 4167 Dmriele
564 4128 628 4188 esp.
640 4110 670 4174 4.
684 4128 760 4167 vrrs.
777 4111 832 4173 10:
847 4126 938 4183 „ecce
952 4121 1005 4167 eut
1019 4115 1048 4165 et
1062 4115 1182 4166 sanctus
1195 4104 1232 4163 de
1248 4104 1331 4164 coelo

273 4231 320 4301 tt)
337 4233 459 4290 Oomrrit
474 4236 543 4291 iorts
563 4236 606 4291 hic
619 4238 688 4293 loeus
709 4232 962 4309 Epiplrmiis'Ezesr
980 4232 1012 4291 ll
1029 4236 1075 4291 set
1096 4234 1206 4293 τούτων
1219 4234 1271 4308 τὴν
1283 4234 1329 4304 ip·

303 4302 651 4446 πῶἐσνῃῖῐξῗέωι
665 4305 855 4378 xoelaeoes'sy
870 4308 986 4379 βίβλῳ
1000 4304 1094 4373 παρὰ
1108 4307 1244 4377 Marion?
1257 4300 1330 4362 oie·
