2946 4996
519 449 525 462 .
550 397 807 470 PRAEFATIO.
1180 385 1227 458 71

149 557 211 618 eissi
230 556 372 637 t'eeropis
386 566 488 638 pater,
509 568 560 618 aut
574 578 629 638 per
647 560 744 620 truste
762 553 921 619 crudelitu·
940 550 1030 615 divisi
1050 553 1110 634 ltys
1133 553 1226 614 inno-

149 644 189 702 xii
206 640 339 701 membro
363 643 475 702 l‘rocne
497 652 527 702 et
547 642 725 721 Philomela,
749 661 835 722 quam
856 639 907 699 ille
927 637 1045 716 Georgii
1066 641 1228 716 fragments

148 727 275 807 dispersa
299 726 430 802 recoxit,
461 727 590 805 condiit,
612 728 761 810 apposuit.
801 726 891 785 letam
913 724 1004 800 igitur
1026 723 1144 801 Georgii
1166 724 1227 783 edi.

147 812 254 871 tionem
275 831 330 890 pes·
356 821 493 891 excerpta
513 821 542 871 et
558 813 700 890 Scaligeri
719 813 880 889 fragments
901 807 1022 887 quaevis
1042 808 1083 868 its
1104 818 1228 867 venstus

147 915 208 955 snm
224 906 253 955 et
267 905 458 975 assequutus,
480 905 602 976 atquae
621 899 701 956 loliis
720 895 871 975 quibusvis
886 892 991 952 ordine
1006 912 1058 951 suo
1079 890 1130 951 lsie
1147 912 1227 953 corn·

144 981 257 1061 posits,
274 981 376 1040 melem
395 978 455 1040 leuc
470 980 544 1040 illue
562 991 590 1042 et
611 981 807 1062 perturbatirn
823 981 856 1038 in
874 986 1038 1057 temporum
1056 975 1227 1039 tlsesauruus

146 1065 301 1146 dissipata,
321 1065 406 1125 nullo
427 1066 561 1144 negotio,
583 1087 620 1127 ex
639 1067 736 1126 indice
756 1065 793 1125 ad
815 1062 911 1144 pagiu-
933 1063 1008 1129 604.
1028 1059 1127 1119 oblato
1143 1079 1226 1140 repe·

144 1149 266 1210 riantur.
309 1149 452 1210 l‘ostbsoc
475 1170 543 1209 cum
559 1150 646 1211 istius
662 1152 744 1212 modi
758 1159 928 1211 rsostrorum
948 1153 978 1204 et
992 1145 1131 1222 Scaligeri
1150 1144 1227 1204 scri-

144 1244 263 1312 ptorum
285 1235 468 1313 comparatio
484 1237 643 1311 Georgisni
661 1246 761 1297 textus
783 1257 799 1293 a
820 1234 940 1293 librario
955 1229 1089 1308 corrupti
1109 1249 1171 1288 non
1184 1229 1227 1287 le·

143 1337 192 1376 ves
214 1318 417 1390 coniecturas,
439 1318 512 1396 quin
533 1321 620 1379 etiam
642 1320 770 1401 optimae
790 1328 877 1377 notae
889 1313 1063 1393 suggesserit
1083 1311 1226 1372 observa-

144 1401 253 1475 tiones,
274 1411 304 1461 st
325 1422 363 1461 ex
381 1402 505 1461 adverso
519 1423 604 1462 misas
620 1404 739 1482 Georgii
755 1402 931 1469 sententias,
953 1406 1109 1458 accuratos
1125 1406 1156 1456 et
1170 1395 1226 1456 sibi

142 1486 330 1546 succedentes
351 1496 478 1546 aetatum
501 1507 654 1563 nummos,
680 1488 779 1549 verbis
792 1487 873 1569 apud
889 1484 1069 1561 scaligerum
1084 1491 1226 1561 transpo-

142 1571 204 1631 sitis
218 1572 382 1630 immoletis
397 1592 432 1631 ae
447 1573 592 1633 mutilatis
606 1574 698 1634 fuisse
712 1573 843 1645 vitistas,
863 1569 984 1630 brevius
997 1567 1111 1643 dixero,
1133 1568 1225 1625 Geor·

141 1655 178 1732 gii
204 1665 235 1714 et
253 1654 393 1728 scaligeri
415 1665 516 1713 textus.
542 1676 699 1715 numerum
722 1677 838 1715 astinem
861 1651 1029 1733 superantia
1053 1650 1224 1709 discrimino

140 1736 383 1818 deprehenderit,
405 1757 438 1795 ea
455 1748 560 1797 eusreta
577 1739 651 1799 loeis
664 1739 793 1820 propriis
808 1740 932 1807 reterre,
953 1734 1035 1794 etad
1051 1753 1135 1814 pagg·
1160 1735 1223 1800 512

140 1833 168 1882 sl
186 1825 259 1888 516.
273 1832 416 1881 estnotsre
433 1823 618 1902 agsroposito
636 1844 781 1905 nusquam
803 1824 929 1884 alienum
944 1819 1082 1880 iudicari.
1124 1816 1223 1892 Quar-

139 1926 203 1966 sam
223 1907 288 1967 iul
309 1900 350 1965 Ut
364 1907 484 1985 Georgii
506 1908 603 1968 textui
625 1909 864 1969 accommodatae
883 1902 1062 1981 sScaligero
1087 1902 1222 1966 animad-

139 1989 290 2052 versiones
305 1991 390 2051 nullo
408 1991 524 2068 labore,
539 1994 597 2053 sed
614 2014 703 2074 quam
717 1994 807 2054 eitius
827 2000 1005 2062 occurrant,
1028 1998 1061 2046 ut
1082 1986 1223 2064 Sealigeri

140 2077 217 2136 euris
237 2086 270 2135 et
292 2076 393 2136 studio
412 2096 465 2136 sua
480 2077 546 2136 laus
561 2099 623 2139 nan
646 2081 819 2157 denegetur,
841 2087 906 2136 uta
926 2074 1067 2154 respersis
1081 2070 1223 2151 posthaec

139 2180 192 2241 per
215 2161 284 2221 eius
311 2162 422 2242 scripta
445 2162 560 2222 mendis
582 2183 644 2224 non
665 2163 822 2241 indiligens
844 2171 872 2221 et
891 2161 1027 2221 curiosus
1047 2158 1142 2217 lector
1164 2155 1223 2214 sibi

139 2245 303 2305 csvendum
326 2247 505 2327 prospiciata
526 2267 562 2305 ae
578 2248 695 2308 Eusebii
717 2248 844 2327 densique
859 2246 903 2306 nil
920 2245 1032 2317 esitius,
1054 2261 1142 2321 qnam
1157 2241 1221 2300 Eu·

139 2330 210 2390 sebii
234 2340 376 2411 excerpta
396 2330 452 2390 sibi
471 2333 661 2412 persuadeat,
692 2353 745 2394 ceu
772 2352 848 2412 quse
867 2331 993 2412 plmirna
1015 2336 1150 2387 veterum
1170 2345 1222 2384 au·

139 2425 254 2476 etormn
269 2415 352 2475 diets
365 2416 446 2496 apud
461 2416 619 2495 Georgium
637 2438 699 2477 non
715 2417 871 2490 exstantia,
891 2425 922 2474 ot
940 2435 978 2473 au
992 2410 1144 2490 scripserit
1158 2409 1221 2467 Eu·

137 2498 234 2559 ubios
253 2500 404 2577 ignorata,
429 2500 514 2560 nulla
533 2501 729 2577 conscientia,
751 2502 783 2560 in
803 2500 962 2561 Eusebium
983 2516 1070 2557 suum
1088 2493 1221 2570 Scalige-

136 2602 203 2641 rurn
221 2583 382 2642 intrusisse
400 2585 531 2645 noverit.
573 2589 651 2646 Locs
674 2586 839 2646 sciscitanti
858 2582 1035 2645 occultanda
1056 2599 1117 2639 non
1138 2578 1221 2639 arbi·

137 2674 210 2726 teor.
252 2669 333 2726 Sunt
352 2666 404 2724 illa
422 2665 555 2729 thesauri
576 2689 642 2748 pag.
658 2671 687 2735 4.
709 2669 742 2732 ἐκ
760 2669 911 2749 Τιμοθέου
931 2670 986 2730 rosi
1001 2659 1220 2745 Xporoypeipou

136 2749 203 2833 sepi
216 2751 422 2831 soeponoslse·
446 2770 510 2831 pog-
525 2758 557 2817 7.
571 2752 613 2814 trs
624 2751 691 2833 napi
706 2757 768 2815 sois
782 2747 883 2813 odedu
895 2748 1040 2830 βασιλέων
1054 2743 1218 2828 Αἰγύπτου.

136 2840 267 2917 111843.
284 2834 318 2899 ts
328 2839 390 2897 sois
400 2828 534 2899 Ἰστιαίου
548 2838 720 2917 Μιλησίου,
742 2857 811 2898 curn
825 2836 862 2895 iis
880 2853 955 2915 quse
967 2833 1004 2892 ad
1024 2851 1092 2912 pag.
1108 2830 1220 2889 calcem

135 2919 337 3003 prosequitur·
357 2940 425 3002 ptr·
444 2925 494 2987 19.
514 2920 583 3002 περὶ
604 2926 659 3004 τῆς
678 2924 886 3001 καταστροφῆς
904 2923 965 2982 eois
987 2915 1074 2981 nisse
1091 2909 1219 2981 nitense·

135 3025 199 3084 με·
211 3013 266 3073 20.
287 3003 352 3079 ἔτος
366 2999 391 3085 p'
405 2999 557 3087 Ἀβραάμ,
579 3016 609 3067 et
622 3026 698 3085 (luae
711 3006 882 3067 succedunt
905 3022 971 3085 pag.
987 3007 1038 3069 21.
1080 2999 1220 3078 Perieops

134 3087 223 3148 baec:
245 3088 397 3173 ἑξηκοστῷ
412 3082 589 3152 ἔτειἸσαᾶκ.
607 3092 705 3170 pagiu.
723 3093 772 3157 24.
788 3111 862 3167 iprae
878 3088 915 3148 de
932 3087 1056 3165 posteris
1071 3082 1220 3143 Abraham

134 3192 171 3232 ex
186 3171 345 3232 Glrettura.
367 3191 434 3250 pag.
455 3173 505 3237 25.
520 3173 645 3250 quaetio
659 3173 831 3232 Prometheo
849 3173 1008 3231 fabulatur.
1030 3187 1094 3246 pag.
1111 3171 1161 3232 26.
1180 3163 1220 3225 ad

133 3256 253 3319 Eusebii
266 3254 306 3317 de
322 3255 452 3333 Cecrope
463 3265 590 3314 mentem
605 3257 747 3316 nonnulla
758 3255 844 3332 fingit
859 3272 923 3335 pag.
939 3258 991 3319 81.
1009 3252 1067 3311 alia
1081 3251 1120 3311 de
1135 3250 1218 3309 litte·

131 3361 233 3404 rarum
247 3340 422 3401 inventione
436 3338 588 3419 supponit.
602 3360 669 3421 pag.
685 3344 736 3408 32.
751 3340 854 3400 salsam
868 3337 983 3420 Orphei
994 3335 1101 3398 recitet
1113 3333 1219 3394 Histo-

132 3427 218 3487 riam.
239 3446 311 3507 psg.
326 3427 377 3491 33.
419 3424 632 3504 Olympiadem
652 3425 870 3486 institutionem
888 3444 926 3484 ex
949 3423 1045 3482 alieno
1063 3418 1168 3479 codiee
1185 3419 1218 3477 in

132 3511 296 3573 Eusebium
315 3509 469 3569 transsierit
491 3519 521 3568 et
536 3529 601 3588 pag.
618 3512 668 3577 31.
688 3510 817 3590 quoodo
836 3510 932 3568 lromo
954 3515 1131 3566 tractantur.
1152 3522 1217 3583 pag.

132 3599 182 3664 41.
195 3593 302 3658 Berosi
314 3603 344 3654 et
357 3592 493 3673 Abydeni
508 3596 667 3656 nonnulla:
689 3616 753 3675 pag.
768 3598 818 3659 51.
840 3596 1022 3653 Graecorum
1035 3591 1147 3667 Regum
1160 3586 1218 3646 lli-

132 3681 258 3741 storiam
272 3700 312 3741 ex
326 3678 451 3759 Iosepho
462 3679 623 3739 interserit
636 3700 701 3759 pag.
713 3685 763 3745 61.
777 3678 860 3737 aliud
872 3677 998 3736 Cedreni
1012 3677 1217 3751 fragmentum.

131 3765 232 3846 pegia.
255 3771 309 3833 62.
331 3764 472 3844 quaedam
494 3784 534 3822 ex
549 3763 674 3824 Eusebio
689 3764 803 3822 Latino.
824 3782 888 3843 pag.
902 3766 953 3827 66.
975 3758 1098 3819 Coelreni
1114 3775 1218 3819 rursus

132 3849 190 3909 slis
210 3850 284 3908 vult
303 3847 468 3910 interiecta.
510 3854 575 3908 Uno
594 3849 685 3909 verbo
706 3846 860 3927 quibusvis
876 3846 932 3905 sibi
950 3846 1068 3927 placitis
1089 3841 1217 3902 Eusebio

133 3932 315 4014 adscriptis,
336 3953 400 3993 non
423 3933 496 3993 adeo
509 3942 688 3993 restaurasse
709 3951 798 4012 quam
813 3931 973 3993 Eusebium
988 3948 1081 4010 poene
1094 3945 1218 4006 corapo-

132 4016 223 4078 suisse
239 4016 389 4092 arguitur.
429 4017 484 4077 His
503 4019 624 4078 accessit
638 4017 818 4097 comparatio
838 4016 940 4090 tertia,
960 4035 1022 4074 nan
1038 4013 1128 4073 totius
1142 4008 1220 4088 qui-

133 4100 217 4180 dem,
246 4099 303 4159 sed
323 4099 585 4182 Chronograplrise
604 4103 696 4185 partis
713 4102 812 4174 illius,
840 4121 914 4180 quae
932 4101 1076 4159 obsessam
1098 4095 1218 4153 al‘om·

132 4186 201 4267 peio
223 4184 466 4264 Hierosolymam
486 4195 605 4264 narrat,
627 4197 657 4247 et
675 4185 713 4244 ad
729 4186 964 4264 Diocletianum,
990 4204 1050 4263 quo
1071 4175 1220 4239 scribendi

133 4271 224 4332 fissam
247 4268 406 4350 syncellus
433 4273 521 4343 fecit,
549 4273 748 4333 narrationem
775 4272 925 4351 producit.
975 4270 1098 4326 Causam
1127 4260 1220 4333 dedit,

135 4357 187 4436 qui
204 4356 341 4417 laborem
364 4353 535 4437 interpretis
553 4356 772 4438 suscipiendum
789 4355 924 4417 hortatus
938 4363 982 4414 est
1006 4351 1120 4433 primus
1139 4343 1223 4407 Eusi-
