2946 4996
207 389 262 467 46
593 401 636 472 G·
658 400 700 472 G.
719 402 924 472 BREDOVII

211 557 447 639 Μακκαβαΐκοῖς
461 555 580 635 ἱστορεῖ.
605 589 646 604 -
667 556 706 617 Et
719 578 784 638 pag.
796 564 872 627 273.
889 561 926 621 ca
949 559 990 624 Ἡ
1005 565 1066 625 raia
1088 564 1302 647 Maaaatioino

211 639 346 725 ἱστορικὴ
365 638 470 726 γραφή
487 638 560 717 τούς
575 634 727 723 Ἑλλήνων
746 645 877 724 βασιλεῖς
898 641 958 711 tuo*
980 640 1151 728 Ἀντιγόνου
1164 643 1302 731 ricem,

211 722 253 807 ἣν
263 721 404 806 Ἰώσηπος
417 727 565 809 ἔγραψεν,
584 720 652 808 ἥτις
663 731 724 790 acio
738 725 793 809 μὲν
805 726 1019 795 &recordatur
1033 726 1092 797 oriar
1111 732 1208 811 lorea,
1230 757 1303 818 χρη-

210 812 283 894 airon
299 810 332 875 δὲ
343 808 424 875 πάνυ
437 811 582 888 nicaeae.

294 896 407 956 Tamen
421 897 453 955 in
466 894 605 955 hocloco
619 913 685 975 pag.
699 899 771 963 278.
783 894 848 956 fieri
861 917 925 958 non
937 909 1051 981 poten,
1073 901 1145 980 quin
1158 899 1304 965 biatoriaa

209 980 325 1061 paritur
341 979 518 1040 offendatur.
559 979 800 1058 Maccahaeorum
818 982 888 1043 libri
904 1004 1007 1063 regam
1022 987 1178 1066 Syriarum
1195 984 1303 1047 lriato-

209 1064 286 1126 riam
310 1085 370 1124 non
396 1064 433 1124 ab
454 1066 611 1145 Antigono
631 1064 795 1145 incipiunt,
823 1067 877 1126 aod
898 1069 935 1127 ah
955 1071 1111 1129 Antiocho
1132 1071 1304 1151 Epiphane.

212 1149 371 1227 Antigoni,
394 1150 477 1227 quod
495 1149 634 1226 memini,
656 1170 694 1209 ne
706 1151 818 1209 mentio
832 1152 950 1231 quidem
964 1157 1042 1215 lacta
1059 1166 1103 1215 cat
1114 1156 1147 1214 in
1164 1155 1303 1235 onrnihua

209 1233 453 1295 Maccahaeorum
466 1234 559 1294 libria.
580 1267 623 1279 -
644 1233 747 1310 llicaa,
760 1255 878 1311 ‘nornen
891 1239 1032 1318 Antigoni
1045 1260 1176 1301 errorem
1190 1240 1306 1342 scribae

209 1318 654 1484 lizz’niltsllltoll,
668 1320 1062 1483 {uirilitatis
1071 1330 1307 1489 riiiilipi

209 1486 308 1570 phane
321 1508 358 1548 ac
369 1487 454 1549 libria
466 1487 709 1548 Maccahaeorum
725 1488 781 1547 ribi
794 1489 863 1549 vult
875 1490 929 1550 auh
942 1492 1050 1552 titulo:
1070 1484 1171 1567 Ἄσίας
1186 1497 1308 1574 πρῶτος

211 1568 286 1654 μετὰ
312 1565 509 1653 Ἁλέξανδρον
529 1566 695 1657 Ἀντίγονος
718 1573 930 1654 ἐβάσίλευσενῗ
954 1607 993 1623 ·-
1015 1577 1182 1655 Antigonae
1200 1586 1308 1656 regnat

211 1659 247 1719 A.
263 1657 303 1717 M.
318 1657 494 1739 (occandum
510 1658 763 1739 computationem
779 1657 911 1740 Georgii)
927 1661 1027 1737 51713
1049 1659 1215 1737 Antiocbua
1230 1682 1306 1722 vero

212 1741 383 1823 Epiphanaa
398 1745 491 1809 5310.
534 1742 668 1802 Coniicio
685 1742 793 1820 igitur,
815 1741 889 1812 haec
908 1743 999 1805 rerba
1014 1748 1047 1805 in
1065 1766 1191 1827 proraua
1206 1746 1306 1807 alieno

211 1827 282 1887 loco
300 1829 337 1888 ab
353 1827 448 1887 aliena
463 1848 555 1887 manu
567 1827 683 1887 intrata
701 1848 775 1905 caae3
799 1847 887 1909 quam
902 1848 975 1890 vero
991 1829 1029 1889 ch
1044 1850 1164 1890 canaam
1185 1852 1246 1891 non
1257 1832 1308 1892 le·

211 1914 300 1987 vina,
331 1911 423 1971 irnmo
450 1914 568 1989 gravina
591 1912 795 1973 testimonium
819 1913 917 1974 verbia
934 1934 1001 1995 pag.
1026 1917 1098 1983 249.
1120 1914 1245 1993 darent,
1271 1915 1307 1974 ira

212 1995 320 2077 quibua
332 1996 476 2075 loaephua
488 2007 594 2058 auctor
608 1997 850 2058 Maccahaeorum
866 2019 929 2060 caea
941 2007 1042 2080 aperte
1054 2009 1203 2065 narratur.

296 2080 436 2141 Attamen
458 2081 537 2141 hanc
557 2083 727 2163 opinionem
734 2128 743 2159 ,
761 2081 921 2163 Ioaephum
946 2093 1075 2165 quatuor
1099 2084 1247 2145 librorum
1269 2084 1310 2146 da

211 2163 394 2225 Maccabacie
415 2176 568 2226 auctorem
589 2188 668 2242 eoae,
701 2168 810 2226 nullibi
831 2169 950 2247 reperit
979 2189 1014 2228 ac
1036 2170 1099 2230 sere
1119 2169 1309 2246 crediderim,

213 2249 376 2326 Georgium
394 2250 515 2309 nomina
531 2252 662 2310 unctoria
683 2252 781 2328 quarti
797 2251 867 2310 libri
881 2252 1126 2313 Maccahaeorum
1138 2256 1310 2334 deceptum,

211 2341 243 2393 ot
255 2334 336 2413 quod
355 2334 496 2414 loaeplrua
510 2333 543 2392 ia
561 2336 648 2394 rebar
667 2334 908 2394 Maccahaeorum
928 2336 1101 2396 enarrandia
1119 2336 1252 2416 primurn
1267 2338 1310 2396 li·

210 2417 300 2478 hrum
324 2418 565 2478 Maccahaeorum
588 2428 686 2479 totum
710 2420 771 2480 lero
793 2416 947 2496 exlraueit,
969 2440 1072 2480 ornnea
1093 2419 1188 2482 libror
1211 2422 1311 2482 eidam

211 2502 332 2563 auctori
352 2503 505 2563 tribulare:
527 2524 702 2583 quamquam
724 2524 776 2582 ego
792 2504 912 2582 quidcrn
936 2524 1033 2584 neque
1051 2505 1084 2564 in
1105 2515 1212 2585 quarto
1229 2507 1311 2567 libro

210 2588 359 2650 rationem
373 2586 490 2668 loaoplri
506 2608 562 2648 nec
580 2587 729 2667 cogitandi
743 2606 801 2648 nec
815 2587 936 2648 dicendi
950 2590 1048 2649 video.

296 2671 407 2734 Verum
425 2672 578 2734 aurarem
599 2675 633 2732 in
646 2670 754 2733 lrorarn
769 2671 913 2733 librorum
927 2693 986 2733 uau
998 2683 1139 2755 apparet,
1159 2673 1194 2734 ni
1207 2675 1310 2752 fallor,

211 2755 375 2835 Georgium
385 2758 474 2818 rebua
486 2768 567 2818 recta
578 2756 950 2818 diiudicandialraudaatia
961 2758 1103 2819 idoneum
1112 2779 1190 2821 eaae:
1211 2760 1310 2821 omni·

210 2840 269 2902 baa
280 2840 523 2903 Maccahaeorum
536 2843 620 2902 lihria
631 2842 764 2902 eamdem
779 2843 987 2902 auctoritatem
1001 2843 1125 2921 tribuit,
1146 2865 1203 2906 nec
1214 2846 1311 2906 verbo

213 2924 335 3005 quidem
354 2925 485 3003 indicat,
506 2927 637 3006 priorum
662 2927 772 2987 libruar
795 2937 825 2986 et
844 2927 1082 3006 antiqniaaimum
1102 2938 1133 2988 et
1149 2930 1310 3009 integerri-

213 3028 297 3085 mum
318 3010 441 3070 caeteria
454 3011 519 3071 aine
534 3011 614 3071 oanni
634 3010 820 3071 dubitatione
839 3013 1068 3092 praeferendam
1090 3034 1162 3079 caan.
1205 3013 1310 3094 Origi-

212 3095 297 3155 nitua
308 3093 448 3155 hebraica
461 3095 590 3176 acciptua
603 3095 677 3156 fuit:
699 3115 769 3154 nam
783 3096 917 3174 Originea
931 3096 976 3180 (in
988 3097 1105 3159 Euaebii
1117 3097 1223 3167 hiator.
1236 3100 1311 3164 eccl

214 3177 267 3241 Vl.
290 3199 354 3261 cap.
373 3176 438 3260 26.)
460 3180 533 3240 citat
553 3179 675 3241 titulum
688 3178 866 3241 llebraicum
883 3178 1016 3262 Σαρβήθ
1032 3181 1172 3266 &abaci
1192 3184 1225 3247 i't
1245 3184 1268 3246 i.
1284 3203 1311 3247 e.

216 3255 259 3343 'ng
272 3279 322 3344 aaa,
336 3267 397 3350 *gig
417 3272 523 3350 nm,
544 3264 668 3326 biatoria
684 3265 856 3346 principum
869 3265 1002 3326 liliornrn
1016 3268 1088 3346 Dei,
1110 3279 1140 3328 ot
1154 3267 1310 3348 Hierony·

213 3366 282 3407 mua
295 3341 329 3407 in
341 3349 466 3430 prologo
480 3350 595 3429 galeato
609 3360 728 3427 narrat,
749 3370 780 3411 ae
793 3350 1036 3412 Maccahaeorum
1051 3353 1183 3434 primunr
1194 3353 1310 3412 librum

212 3430 397 3493 llebraicum
411 3435 566 3514 reperiare.
609 3437 723 3496 Calrnet
734 3436 755 3499 1.
776 3456 802 3498 c.
822 3435 924 3512 addit,
945 3435 1005 3495 ianr
1024 3437 1147 3515 longum
1160 3456 1216 3517 per
1231 3445 1309 3497 tem·

212 3535 273 3598 pua
286 3514 465 3578 llebraicum
478 3519 667 3599 deperditum
680 3540 744 3581 erae
757 3521 862 3581 videri.
903 3520 1025 3579 Memini
1037 3540 1109 3582 rere
1122 3541 1139 3580 a
1152 3521 1219 3580 riro
1232 3540 1310 3601 quo·

214 3601 286 3662 dam
301 3600 474 3661 doctiasirno
491 3606 610 3681 audire,
632 3606 665 3664 in
686 3604 866 3666 bibliotheca
886 3602 1100 3683 llamhnrgenai
1115 3604 1253 3686 publica,
1274 3604 1310 3666 in

214 3705 275 3765 qua
290 3684 390 3765 plurca
410 3686 484 3744 libri
504 3690 698 3770 manuacripti
718 3688 851 3749 hebraici
868 3688 1076 3769 reperiuntur,
1097 3707 1161 3750 eaaa
1175 3688 1310 3771 primum

214 3770 326 3832 librum
357 3768 599 3832 Maccahaeorum
645 3773 890 3853 manuscriptum
915 3771 1099 3833 hebraicum.
1133 3805 1179 3824 -·
1219 3773 1310 3837 Liber

213 3852 361 3917 aecundua
371 3854 467 3914 multo
478 3858 628 3918 recentior
639 3868 684 3918 eat
695 3878 731 3917 ac
740 3858 865 3917 cimilior
878 3856 1017 3932 carmini,
1038 3877 1128 3937 quam
1141 3859 1309 3920 narrationi

214 3948 490 4018 rerumgestarum.
532 3941 620 4000 Liber
640 3941 763 4017 tertiaa,
784 3943 890 4001 merito
906 3960 924 4000 a
943 3939 1044 4000 bibliia
1057 3943 1167 4003 noatria
1182 3942 1308 4023 eiactua,

214 4023 324 4106 planua
341 4031 386 4084 eat
400 4024 679 4087 abaardiaaimarum
693 4026 879 4104 tabularum,
899 4024 1073 4087 nominihna
1085 4024 1238 4089 biatoricia
1253 4029 1311 4089 in-

283 4171 346 4229 lihrl
359 4135 568 4229 Maccahaeorum
589 4190 639 4227 aon
664 4188 746 4244 naqna
766 4175 800 4229 ad
827 4173 927 4230 chricti
949 4175 1061 4231 natalem
1079 4174 1148 4231 dican
1166 4176 1312 4249 patiant

283 4249 312 4296 at
324 4242 422 4314 acripta
434 4242 537 4315 loaephl
551 4260 601 4297 non
614 4243 693 4297 aelam
704 4260 747 4297 rea
764 4250 852 4314 geataa
867 4244 1020 4300 ludaeorum
1038 4262 1120 4317 naqaa
1132 4246 1166 4301 ad
1178 4245 1313 4301 ebriatum

283 4318 386 4376 utura,
404 4329 491 4367 reruar
507 4311 584 4367 etlam
603 4321 661 4382 poat
680 4311 743 4366 Ghr.
757 4321 813 4367 nat.
826 4320 940 4370 narrant.
981 4315 1021 4371 Er
1036 4314 1314 4387 numanam

284 4380 365 4436 rerba
379 4382 513 4452 laneat,
529 4398 690 4455 nequaqnam
706 4389 846 4453 aptaa'eat.
