2864 5004
419 398 478 466 ΕΤ
498 394 847 466 ΑΝΝΟΤΑΤΙΟΝΕδ.
1097 379 1173 457 425

105 548 187 613 asoti.
226 548 316 611 Iacob
336 556 400 610 erat
420 553 490 618 130.
510 571 657 613 sonorum
677 552 797 633 qusndo
815 549 895 612 stetit
909 569 1008 614 eorem
1021 548 1174 612 ΡῙιιηοιιο
1244 596 1246 601 ,

105 636 199 699 Ganos.
209 636 260 700 47.
272 654 303 695 v.
313 638 344 700 9.
357 632 464 713 ioseph
479 636 583 714 agebat
602 656 714 696 anisum
729 640 781 704 39.
822 636 974 698 Tricessuis
992 637 1070 696 enim
1091 635 1175 696 stetit

105 739 193 778 carata
214 717 367 779 Pharaone
389 718 494 778 Genea.
506 720 557 786 41.
570 740 602 781 v·
615 722 666 787 46.
677 730 707 780 et
721 730 832 800 septem
855 720 926 779 anni
948 721 1124 796 fertilitatis,
1144 730 1175 782 et

103 803 157 864 duo
179 803 342 863 sterilitatis
360 812 446 863 eraut
465 804 569 884 elapsi.
610 805 740 867 Sublatis
752 806 843 883 igitur·
861 805 898 865 de
922 807 989 871 130.
1003 806 1089 867 aunis
1108 804 1175 868 tri-

102 887 175 966 ginta
187 907 306 965 novem,
327 895 481 949 remanent
495 908 574 948 unus
588 898 618 949 et
630 890 800 968 nonnaginta,
821 910 897 970 quae
912 898 975 950 erat
987 900 1065 949 setas
1077 890 1174 968 iacob,

102 971 210 1052 quaudo
224 971 327 1049 genuit
343 970 465 1052 loseph,
487 993 575 1054 quem
591 994 629 1033 ex
639 974 766 1034 Racbolo
778 975 924 1054 suscepit,
944 982 1015 1053 post
1028 993 1175 1035 sonorum

102 1056 318 1136 quatuordecim
334 1058 522 1135 servitutem,
543 1058 650 1139 quibus
664 1079 702 1118 ex
721 1079 781 1118 uno
800 1069 830 1119 et
845 1058 1004 1133 nonaginta
1025 1057 1175 1134 detractis,

102 1141 275 1220 septuaginta
288 1151 400 1222 septem
414 1141 540 1203 absoluti
555 1154 726 1225 supersunt.
767 1143 848 1204 Viris
867 1144 992 1204 eruditis
1009 1141 1116 1223 paucis
1129 1161 1176 1202 re·

103 1226 218 1303 spondet
239 1226 383 1304 Georgius
403 1236 520 1303 noster,
547 1225 570 1307 ἡ
589 1226 622 1292 il
643 1225 745 1310 γραφή
768 1222 905 1308 osiiuposi
928 1228 1066 1305 pelvem
1086 1229 1175 1290 sosiae

102 1306 224 1391 iiyouese
265 1310 363 1370 Iustat
381 1309 472 1389 igitur
493 1322 717 1392 qoam-argute,
744 1322 774 1374 et
794 1311 884 1372 hosce
911 1311 1041 1372 calculos
1057 1311 1177 1370 demon·

102 1401 168 1452 suat
188 1394 316 1456 fallaces.
360 1395 388 1458 si
404 1400 495 1460 τοῦτο
515 1398 615 1477 δοῖμεν
634 1397 714 1461 iores
743 1392 886 1478 i'iocsip
901 1393 978 1460 emt
994 1391 1026 1460 el
1042 1389 1097 1468 bi.
1114 1393 1178 1469 ivor

82 1480 150 1539 'tori
165 1470 265 1560 institi
286 1482 460 1565 peroptata:
495 1482 576 1562 quod
597 1482 660 1543 eius
679 1483 798 1544 nomine
817 1482 944 1543 declaro.
985 1478 1074 1541 Iacob
1091 1499 1175 1553 pono

101 1562 193 1621 aetatis
217 1569 268 1629 77.
287 1563 535 1643 blesopotcuniausv
548 1567 711 1645 ingressus,
741 1568 824 1628 aiunt
843 1565 1006 1628 doctissimi
1026 1565 1177 1627 annalium

100 1646 276 1721 conditores,
296 1647 381 1708 annis
405 1651 454 1716 tt
479 1650 636 1712 Ilacbeleas
654 1662 795 1734 procatus
813 1671 916 1712 socero
931 1651 1029 1711 Labsn
1043 1648 1177 1719 servivit,

100 1730 135 1789 ad
147 1733 243 1791 acutis
257 1753 368 1794 annum
383 1739 434 1801 91.
448 1755 507 1814 quo
519 1736 670 1798 adamuae
685 1737 820 1797 llaolielis
833 1736 980 1798 connubio
995 1734 1109 1816 potitus
1121 1741 1176 1793 est.

99 1813 177 1874 'Iunc
193 1827 289 1876 autem
310 1818 441 1900 primurn
463 1842 541 1882 anno
566 1821 710 1883 nimirum
732 1829 783 1890 92.
804 1820 911 1902 loseph
934 1820 1030 1881 filium
1052 1839 1089 1879 ex
1111 1817 1177 1879 eius

100 1900 273 1980 emplexibas
297 1904 462 1984 suscepisse
483 1905 550 1985 quis
570 1906 713 1983 affirmet,
741 1906 798 1968 nisi
823 1907 876 1985 qui
899 1907 1066 1987 scripturae
1086 1903 1176 1965 verbs

98 1985 338 2064 noastlvertisss,
359 1989 409 2047 vel
421 1990 768 2071 perpendisseffsteaturt
793 1990 905 2053 Videas
919 1992 1073 2053 Dominus
1093 1984 1178 2070 quod

98 2067 182 2128 taut
203 2070 362 2152 despiceret
379 2074 475 2133 Liam
493 2079 615 2154 aperuit
628 2078 755 2138 vulvam
772 2079 854 2153 eiua,
875 2099 976 2138 sorore
994 2075 1092 2135 sterili
1100 2094 1178 2154 per·

98 2167 232 2219 munte.
253 2160 358 2216 Gones.
379 2164 428 2224 99.
446 2177 476 2218 v.
496 2163 546 2225 31.
567 2180 638 2220 mox
657 2182 722 2241 cop.
738 2165 788 2227 30.
804 2181 835 2222 v.
853 2167 881 2227 1.
926 2163 1053 2222 Cernens
1076 2169 1178 2217 autem

98 2236 207 2296 lluelsel
218 2239 304 2319 quod
316 2240 504 2316 infoecunda
515 2255 589 2302 esset
609 2243 727 2328 (saltem
744 2244 812 2303 initi
833 2244 963 2323 coniugii
984 2263 1064 2304 anno
1087 2242 1177 2302 tertio

96 2321 143 2380 vel
155 2323 271 2408 quarto)
292 2323 403 2384 inuidit
419 2331 517 2386 sorori
533 2348 609 2387 assae
620 2340 673 2389 eto.
689 2338 718 2388 ot
732 2347 763 2390 v.
778 2332 808 2394 3.
849 2330 970 2406 Initio,
989 2327 1105 2408 inquit,
1123 2329 1178 2404 fo-

96 2407 206 2464 mlam
223 2408 340 2467 Baium
354 2407 507 2490 ingredere
520 2410 566 2471 od
579 2415 682 2489 illum,
703 2424 738 2472 ut
752 2415 862 2493 pariat
876 2435 966 2496 super
975 2434 1080 2493 genua
1100 2432 1179 2486 mea,

95 2490 256 2551 aheberim
268 2515 304 2552 ex
315 2494 375 2553 illu
383 2497 482 2575 filios.
517 2498 628 2558 Genuit
638 2508 735 2558 autem
752 2499 816 2557 Dan
833 2509 862 2558 et
873 2498 1072 2579 Neplrtlialim,
1092 2494 1178 2554 sanis

95 2574 132 2637 sd
144 2576 240 2638 minus
251 2578 377 2657 geminis
399 2581 602 2659 cursantibus,
620 2593 651 2642 et
667 2585 747 2640 vitae
761 2583 847 2640 Iacob
869 2585 919 2648 95.
932 2582 980 2641 vel
997 2584 1048 2645 96.
1059 2578 1176 2657 elapsis.

100 2660 278 2742 {totidemque
290 2661 466 2723 reeordatus
480 2668 636 2725 Dominus
646 2664 790 2723 Ituclielis
803 2665 957 2726 exotitlivit
972 2684 1040 2723 cam
1056 2674 1082 2721 et
1103 2684 1178 2739 upe-

94 2745 156 2800 ruit
172 2750 293 2805 vulvum
315 2750 400 2807 etas.-
428 2769 504 2827 qucse
523 2752 655 2827 concepit
675 2760 704 2807 et
715 2751 831 2827 peperit
844 2752 968 2829 stlitem,
992 2747 1080 2809 iacob
1096 2767 1176 2807 anno

93 2828 141 2892 96·
153 2828 199 2886 tel
209 2833 260 2895 97.
280 2822 518 2910 imitatam
535 2834 637 2893 scribit
649 2835 808 2911 Georgius:
829 2836 902 2894 ulios
914 2854 991 2892 anno
1005 2831 1113 2913 l'oseplt
1123 2833 1176 2898 40.

91 2908 177 2970 ltwb
196 2918 265 2979 136.
288 2926 468 2996 superaucta
490 2919 572 2997 quod
591 2938 680 2998 quam
692 2919 864 2998 Scripturse
885 2920 1075 2993 adversetur,
1097 2918 1178 2977 iate-

91 2991 200 3057 buator
210 2998 318 3073 iidem,
339 2999 392 3079 qui
407 3004 584 3063 contrariam
597 3004 702 3063 incunt
715 3004 899 3067 sententiani.
942 3002 1049 3061 Subdit
1059 2999 1176 3062 Autbor

91 3083 270 3143 accuratiore
283 3085 409 3150 catcuto.
450 3091 491 3171 τῷ
504 3084 556 3170 oy'.
570 3088 626 3152 ires
642 3093 697 3167 τῆς
712 3087 821 3151 ἑαυτοῦ
833 3092 909 3165 ζωῆς
925 3084 1041 3165 ἀπέδρα
1053 3078 1174 3164 Ἰακόβε

58 3176 65 3195 ·
91 3176 193 3244 coepto
206 3166 395 3243 videlicet,at
408 3172 541 3230 noudum
556 3173 709 3246 absoluto;
732 3183 765 3230 ut
777 3182 846 3249 post
859 3169 1011 3230 seruitutis
1024 3170 1175 3248 geminum

90 3248 274 3328 septennium
291 3258 321 3309 ot
342 3251 457 3329 aliquos
476 3273 513 3312 ex
530 3255 582 3313 bia
601 3264 753 3334 susotptos
766 3254 860 3332 lilios,
882 3254 1041 3333 expetitam
1059 3252 1173 3313 {luche-

88 3331 144 3392 leus
165 3342 380 3412 consequetur,
400 3343 431 3394 et
452 3336 513 3395 eius
530 3338 655 3419 probata
676 3339 844 3412 sterilitate,
866 3338 986 3400 domum
1006 3339 1059 3398 Dei
1079 3338 1175 3419 gratie

88 3416 194 3500 loseph
220 3417 303 3501 patei
326 3419 484 3501 plusquam
509 3423 707 3500 nonagenario
736 3432 885 3486 nascatur.
928 3425 1077 3484 Adversus
1100 3423 1175 3483 baec

88 3505 135 3565 vel
145 3503 324 3577 Autlsorem,
343 3515 462 3585 recepta
475 3506 593 3567 Eusebii
607 3517 638 3568 et
650 3508 786 3569 Africani
799 3509 961 3584 sententia,
982 3509 1027 3567 nil
1049 3509 1176 3588 opponit

87 3590 215 3669 Scaliger
233 3588 301 3654 Not.
321 3609 388 3671 pag.
410 3595 462 3656 21.
487 3613 654 3673 quostquam
677 3593 797 3671 Georgii
820 3595 1017 3655 abiectionem
1039 3594 1176 3653 admittat

87 3695 115 3754 p.
143 3678 215 3743 253·
261 3675 339 3737 Vide
369 3674 555 3738 Scholiasteu
582 3678 640 3738 sibi
671 3687 701 3739 ot
728 3676 847 3738 authori
875 3678 999 3762 proprio
1028 3677 1177 3739 contraria

86 3761 267 3822 untieutem.

169 3844 231 3909 To'u
251 3841 319 3907 Acie
339 3848 382 3930 τῷ
406 3837 462 3908 aas‘.
484 3842 536 3910 siu
560 3843 740 3925 Νεφθαλεὶμ
760 3850 803 3909 soi
826 3841 897 3928 πς’.]
927 3848 1035 3925 Parce,
1056 3845 1175 3923 Georgi,

85 3930 326 4074 opppiishlgpcllisei
346 3951 425 4027 assito
442 3930 520 4074 pilae
532 3930 620 4075 {pecli
638 3934 690 4076 87t.
713 3910 813 4007 initis,
834 3932 1012 4078 popteriorep
1026 3931 1176 4074 eluntflllliau

85 4033 101 4071 o
158 4033 174 4071 e
254 4038 269 4072 a
294 4035 341 4074 ns:
396 4036 445 4075 usn
461 4035 512 4075 utu
561 4036 629 4076 suen
652 4035 667 4076 e
703 4028 822 4078 sextum
837 4039 872 4078 or
893 4036 972 4077 soem
996 4037 1028 4075 ni
1043 4036 1075 4075 es·
1142 4036 1175 4074 os

84 4036 337 4161 lacobpobtinent.
373 4036 394 4096 q

166 4182 236 4258 1³³8·
259 4186 329 4247 106.
349 4178 511 4264 Ἰὥσηππος
524 4184 598 4269 iiyss
613 4181 644 4261 ζ’.
662 4183 800 4266 ἡμέρας]
823 4184 1000 4265 Oppositum
1017 4185 1081 4264 lego
1095 4183 1175 4266 aliud

84 4265 240 4346 loseplsusn
261 4265 314 4324 lib.
337 4274 364 4333 1.
388 4269 510 4348 Antiqu.
525 4293 590 4349 cop.
605 4276 656 4336 99.
669 4271 751 4330 ursulo
764 4272 813 4330 vel
831 4271 866 4329 als
886 4270 1024 4350 imperito
1041 4269 1175 4332 Librario

85 4352 259 4428 irremorsi,
280 4351 359 4409 veis
375 4352 500 4432 Consule
515 4356 593 4416 circa
609 4353 726 4436 losephi
739 4375 849 4415 ssosueu
862 4353 1054 4416 hallucinuto.
