2888 5002
272 359 349 434 622
632 364 976 437 EbOENDATioNES

271 537 338 588 tum
350 544 441 586 uuum
456 545 473 583 a
493 522 600 585 mundi
613 523 738 583 conditu
751 543 863 584 annuns
876 524 987 585 reterre
1002 530 1032 583 st
1047 520 1171 603 alligare
1176 570 1187 606 ,
1207 536 1236 591 et
1246 526 1287 589 bis
1298 528 1338 588 iiis

242 646 245 653 «
271 629 453 693 praeponere
467 607 622 688 bucusque
634 609 756 686 solitus,
776 619 904 689 utroquo
921 607 958 666 ab
974 608 1104 669 inuicem
1119 610 1255 694 dunoeps
1269 613 1338 674 diri·

272 718 320 772 sa,
342 704 371 754 et
390 703 517 753 aetatem
532 693 653 773 quidem
675 693 779 753 mundi
799 694 899 774 prius,
920 703 984 752 tum
1007 695 1208 756 Romanorum
1225 701 1339 780 import-

271 791 369 839 torum
385 779 573 858 aliorumque
586 779 688 839 cadom
702 787 796 838 oetatc
810 779 975 838 viventium
989 787 1132 859 tempora,
1154 781 1254 842 ordine
1265 792 1338 858 certo,

268 874 301 924 at
313 864 399 925 rruilo
417 883 499 923 nexu
517 866 556 924 ad
570 884 601 923 se
614 873 718 922 mutuo
736 864 838 922 iuncta
851 863 884 922 in
898 864 1086 942 sequentibus
1100 866 1248 928 describit.

354 942 481 1028 Κόσμον
493 943 606 1033 ,svvqssl
630 951 751 1027 itcpono
769 942 872 1032 ,surdi
894 948 988 1006 iniim
1002 949 1081 1007 onim
1100 952 1207 1011 Caesar
1226 947 1340 1010 nonnisi

270 1033 398 1094 obcunte
411 1055 490 1092 aratro
503 1035 596 1099 5454.
621 1031 778 1091 metatoris
792 1033 927 1091 exercuit
941 1053 1065 1107 munus,
1086 1036 1208 1095 incunte
1219 1036 1341 1095 nimirum

270 1119 450 1198 Olympiade
466 1122 535 1184 183.
556 1139 593 1176 cx
611 1117 737 1193 (taorgio
754 1136 822 1195 pag.
838 1121 910 1183 303.
926 1118 959 1176 li.
976 1129 1044 1198 post
1058 1139 1152 1178 annos
1169 1122 1253 1197 igitur
1267 1119 1341 1200 quin·

270 1225 326 1283 quc
347 1203 503 1283 imprrimn
524 1203 561 1261 ad
585 1205 678 1268 5459.
703 1203 885 1282 prorogavit
928 1202 1065 1261 'i'iborins
1078 1203 1203 1283 insuper
1219 1228 1235 1263 a
1249 1203 1341 1263 inundo

270 1288 393 1347 condito
408 1291 500 1353 5015.
516 1288 642 1366 suscipit
655 1287 814 1366 imperium
836 1307 874 1346 ex
889 1306 955 1366 pag.
970 1291 1040 1353 319.
1055 1289 1088 1345 u.
1102 1309 1171 1347 cnm
1191 1290 1276 1367 igitm·
1288 1301 1342 1347 ter-

268 1372 382 1432 minum
404 1382 439 1431 ut
461 1375 609 1450 Augustus
627 1372 755 1448 attingat
769 1381 838 1451 post
860 1372 1093 1432 administratam
1109 1376 1161 1438 56.
1175 1377 1254 1432 ornus
1267 1377 1340 1431 Rom

267 1456 412 1536 Iicrmmb.
428 1477 506 1515 aurio
523 1459 614 1522 5459.
627 1457 730 1516 debuit
743 1460 781 1514 ad
794 1476 900 1516 munus
916 1456 993 1515 iiiud
1010 1459 1197 1517 subeundum
1213 1459 1341 1517 scrutere

269 1543 405 1618 lienique
418 1542 442 1599 si
459 1552 552 1620 prom
566 1541 708 1601 subditur
725 1560 821 1598 anrms
840 1542 944 1598 mundi
959 1542 1051 1607 5460.
1069 1541 1174 1601 obiens
1187 1545 1242 1602 suit
1259 1546 1340 1618 Augu-

269 1627 308 1684 sti
329 1627 476 1685 secuudus
499 1628 678 1705 corripietur,
707 1635 786 1685 certe
811 1645 888 1683 anim
907 1627 1000 1690 4559.
1022 1625 1178 1705 imperinm
1192 1628 1284 1687 iniisse
1295 1647 1342 1705 ps·

271 1720 323 1771 tet.
365 1712 432 1770 Atia
451 1714 644 1771 correctionis
656 1711 746 1771 iunius
764 1710 874 1769 certior
885 1712 1057 1771 coniectmu
1070 1714 1150 1771 notis
1160 1714 1198 1771 ad
1210 1735 1269 1792 pag.
1280 1713 1340 1775 ult

267 1797 444 1874 muger-itur.

305 1842 322 1875 ὕ
357 1883 407 1963 Τῷ
423 1873 496 1964 ,suist
514 1883 571 1942 τοῦ
580 1874 718 1959 κόσμου]
751 1878 898 1956 Augustus
917 1899 996 1937 atinio
1016 1879 1110 1945 4559.
1129 1879 1283 1959 insuperator
1295 1876 1342 1935 de·

266 1962 396 2023 ciarotns
411 1964 574 2023 secundnm
587 1965 707 2045 imperii
723 1984 836 2023 artimus
854 1965 959 2022 muudi
975 1966 1068 2029 4560.
1091 1974 1227 2023 timuerat
1244 1985 1278 2021 ex
1295 1982 1342 2020 su·

265 2049 382 2127 porioro
401 2059 481 2108 nota.

349 2126 398 2192 ’Eu
411 2126 435 2213 pi
450 2132 501 2193 noi
515 2131 538 2211 ἠ
545 2130 690 2208 ”luduntur
704 2131 894 2212 duronicum]
915 2130 1137 2209 Promuigaturn
1153 2131 1190 2191 ab
1206 2130 1280 2191 orbis
1294 2138 1342 2187 na·

266 2216 319 2275 inii
339 2236 416 2273 nitrio
440 2218 533 2279 5460.
565 2219 691 2296 Augusti
718 2219 849 2277 secundo
873 2218 1051 2276 indictionis
1074 2217 1226 2277 dccrctum
1251 2213 1342 2272 asserit

265 2320 335 2359 cum
358 2300 488 2359 Maximo
506 2298 664 2378 Georgius:
687 2302 731 2358 Ab
750 2302 821 2379 ipsis
842 2302 922 2359 orbis
940 2302 1131 2359 incunabulis
1148 2300 1341 2359 rrurrssrandant

264 2385 372 2444 voiuut
386 2383 508 2455 Graeci,
531 2385 610 2460 quod
625 2404 723 2444 sarum
742 2384 882 2462 periodus
899 2405 965 2441 cum
989 2386 1049 2442 eius
1073 2405 1196 2442 nurnero
1219 2404 1276 2442 non
1296 2385 1340 2441 in·

264 2488 394 2546 congruo
417 2471 591 2529 consentiat.
633 2470 792 2549 Excipitur
805 2488 901 2525 arrrms
919 2488 997 2526 ursus
1012 2468 1106 2532 5400.
1125 2469 1278 2541 nimirum,
1296 2467 1341 2547 qui
1383 2532 1393 2549 .

263 2574 330 2613 cum
346 2553 563 2633 multiplicatae
574 2553 773 2613 indictionum
795 2552 910 2631 periodi
928 2555 1005 2611 i‘orct
1023 2553 1148 2630 quintus
1165 2553 1297 2621 ,decimus
1308 2570 1339 2609 ex

263 2640 390 2717 Augusti
413 2639 514 2713 iussu,
537 2642 623 2701 aiunt
641 2640 704 2715 ini,
737 2638 910 2699 indictionis
929 2640 962 2696 in
984 2646 1137 2716 posterum
1158 2638 1340 2698 nunnrandso

262 2726 378 2804 primns
391 2724 508 2782 isabitns
521 2734 574 2784 en.
605 2726 708 2784 Paucis
723 2724 755 2783 id
768 2725 856 2784 docet
872 2722 1008 2783 Pctuvius
1022 2723 1059 2781 dc
1072 2722 1157 2782 Doct.
1172 2725 1268 2800 Toup.
1281 2721 1337 2777 iibr.

264 2813 316 2875 11.
343 2829 407 2885 cap.
425 2813 478 2873 39.
501 2818 530 2866 et
552 2828 631 2887 seqq.
651 2818 681 2867 et
701 2810 819 2871 Auctor.
839 2808 906 2866 iiirr.
927 2813 958 2873 8.
980 2828 1046 2886 cap.
1069 2809 1099 2872 5.
1120 2807 1275 2879 bissinum,
1295 2805 1337 2862 in·

263 2892 345 2971 quit,
368 2892 532 2950 Monachus
548 2892 578 2949 in
596 2897 741 2972 Computo
757 2894 953 2952 indictionem
976 2892 1018 2947 ait
1039 2892 1169 2969 coepisse
1191 2911 1265 2948 anm
1285 2891 1338 2947 tiu·

261 2976 342 3055 gusti
358 2976 506 3049 secundo,
529 2997 616 3055 quem
635 2977 739 3035 mnndi
755 2986 841 3055 putat
854 2980 945 3040 5460.
965 2974 1017 3052 qm
1034 2975 1147 3033 dirimo
1161 2995 1214 3054 prr
1224 2974 1337 3053 quinde-

262 3062 323 3119 cim
346 3061 398 3120 dat
417 3061 614 3121 indictionem
638 3064 685 3126 15.
708 3071 739 3118 at
758 3063 906 3138 Angustus
928 3060 1054 3140 primam
1077 3060 1160 3118 iiiarn
1181 3079 1240 3118 esse
1266 3059 1337 3117 iuuit

262 3154 292 3202 et
307 3144 394 3208 inira.
437 3148 600 3224 Augustum
620 3146 766 3206 Maximus
786 3154 872 3225 putat
893 3166 949 3226 pro
970 3144 1137 3203 Indictiono
1161 3150 1209 3209 15.
1230 3146 1335 3225 prinmo

167 3238 250 3296 mr
267 3247 452 3306 numerasse,
482 3242 540 3296 otc.
573 3232 736 3291 Maximum
755 3232 891 3310 sequitur
918 3228 1062 3307 Georgica
1088 3229 1265 3304 iionacims,
1289 3240 1332 3286 stc

262 3311 343 3372 iiaec
357 3317 387 3369 S.
405 3312 427 3370 i.
446 3314 613 3393 Dionysius.
643 3317 781 3377 Pretorius
799 3317 873 3374 aitcr
890 3315 1000 3373 Patrius
1022 3318 1141 3373 nomine
1160 3316 1290 3373 'i'rsctatu
1305 3311 1333 3366 sis

262 3396 417 3455 Annorum
440 3396 656 3460 incarnationis
679 3402 807 3481 epocha,
839 3410 869 3459 et
892 3399 1125 3457 indictionibus:
1153 3400 1219 3457 Non
1240 3396 1332 3462 tacein.

261 3479 378 3553 scribit,
400 3498 437 3537 ex
453 3480 545 3540 iiiono
560 3504 666 3542 conisus
680 3496 707 3542 ot
722 3484 842 3561 Augusti
854 3484 1067 3562 descriptiones
1082 3491 1250 3542 rcccnsento
1262 3479 1331 3559 pion

261 3563 350 3626 facile
362 3564 531 3640 induxisse,
554 3577 586 3624 ut
602 3587 670 3623 cum
685 3568 876 3645 Cursrputistis
891 3571 1039 3626 crederem
1060 3567 1210 3626 institutas
1224 3566 1275 3623 sub
1286 3565 1330 3620 iu·

259 3657 348 3729 gusto
363 3647 549 3707 indictiones.
593 3650 676 3722 Quac
688 3652 807 3728 quidem
821 3651 876 3708 sub
893 3652 1108 3725 iiorrstnntino,
1131 3660 1164 3707 ut
1181 3648 1266 3725 ruigo
1279 3665 1330 3705 crr-

260 3736 360 3810 ditur,
381 3735 428 3794 vei
443 3733 608 3793 Theodosio
617 3777 626 3809 ,
641 3743 677 3791 ut
691 3733 760 3791 ruit
775 3734 944 3810 cedrenus,
966 3737 1061 3795 iactae
1077 3736 1194 3792 derisum
1207 3750 1329 3792 arnmruu

258 3819 391 3896 indices,
413 3819 599 3898 Oiympiadis
619 3816 750 3877 reiectis:
779 3838 839 3875 non
862 3818 950 3877 etism
973 3820 1102 3898 priorum
1126 3818 1268 3877 inuentae.
1305 3812 1330 3871 id

257 3924 383 3979 sanum,
405 3924 462 3963 nec
485 3904 587 3963 sobriis
604 3923 665 3961 osse
689 3901 859 3976 convincit,
886 3903 968 3981 quod
993 3904 1164 3960 intinnnset
1178 3905 1288 3961 Paullus
1302 3902 1330 3958 us

258 3989 364 4049 Fundo
378 3989 540 4049 Indictioni
555 3987 681 4064 obiigato
696 3987 917 4066 responderunt
931 3986 962 4043 in
977 3987 994 4043 Ι.
1007 3991 1034 4051 1.
1048 3988 1078 4051 3.
1091 3983 1122 4064 5.
1137 3990 1170 4051 6.
1186 3988 1221 4047 de
1235 3987 1328 4047 Action

257 4081 350 4152 ompt.
363 4084 394 4132 ot
409 4078 461 4141 28.
481 4075 518 4134 ds
535 4093 592 4134 usu
606 4085 636 4131 et
650 4071 741 4131 usnir.
765 4070 880 4149 diribigi
898 4079 1047 4150 praetereo
1063 4070 1151 4130 uideo
1170 4074 1329 4132 tributurum

258 4158 382 4235 capnitis,
407 4168 460 4220 aut
472 4158 643 4240 patrimonii
661 4157 759 4216 t'ucrit.
802 4152 899 4236 Super
913 4175 972 4234 quo
992 4154 1089 4214 risum
1103 4155 1193 4216 mibi:
1214 4152 1327 4216 atinus

257 4242 389 4301 mixtum
412 4242 459 4303 ius
483 4254 639 4325 utrumqne
664 4241 770 4301 inisse:
797 4262 865 4301 curn
886 4241 1071 4320 nonpossint
1091 4262 1211 4317 ornnes,
1231 4232 1325 4311 serinti

258 4325 427 4387 aduertam
445 4332 640 4408 quantitatem
659 4348 799 4409 agrorum
815 4327 1014 4410 possiderent,
1039 4337 1228 4389 cemcrcntor
1247 4320 1325 4387 noir,
