3428 4998
527 418 590 489 ET
611 415 965 488 ANNOTATIONES.
1218 402 1297 485 ⁸53

219 597 275 636 cerr
286 574 384 645 petua
403 577 551 634 mererium
563 576 743 635 Lenarirem
760 595 934 656 componere
947 592 1046 634 arrrror
1057 572 1210 636 Arube‘oor
1223 575 1297 643 766.

214 664 341 741 praecise.
382 659 508 720 luetilee
528 671 599 721 eunt
614 660 686 720 enei
707 661 827 721 Arabici
845 659 898 721 ubi
920 659 1069 733 Solarium
1089 661 1296 721 tantummodo

218 746 247 805 tit
262 745 387 820 mentio,
411 745 479 823 qui,
500 743 542 804 ait
562 744 708 823 Georgiur
723 742 777 820 eale
791 739 855 821 rte'.
868 742 983 827 deripere
995 750 1052 807 roei
1065 745 1206 809 ἐνιαυτοῦ
1219 765 1297 806 con·

216 829 336 890 cludunt.
382 829 501 907 Quare,
523 829 618 903 addit,
640 840 698 889 aur
715 829 857 889 mendum
875 829 1074 908 Librarum,
1096 839 1141 891 eet
1156 830 1297 911 Scaliger,

215 934 245 972 ac
262 912 441 974 humanitate
458 914 547 974 etiarn
568 922 619 975 tue
636 912 776 993 digerere:
799 926 856 974 aut
874 908 1025 995 dloyrorlu
1043 927 1104 993 rer,
1127 926 1208 977 certe
1226 926 1295 992 tee;

215 1019 297 1078 quern
317 998 447 1078 colligat
466 1020 564 1059 oenoe
585 1000 705 1059 Solarer
722 1005 786 1067 727
804 999 882 1060 illud
906 1009 1006 1060 tecenr
1025 999 1110 1080 lego:
1138 998 1203 1059 dieo
1221 1004 1295 1067 239.

215 1083 361 1163 Georgium
375 1084 445 1143 illoe
462 1083 617 1164 ecripeieee
630 1092 683 1144 eut
698 1085 853 1162 collegisse
871 1082 987 1144 inficiae
1002 1103 1052 1146 eo:
1074 1084 1196 1165 ecripeit
1214 1086 1295 1144 enirn

213 1167 349 1228 Librarius
372 1166 508 1229 breviato
526 1166 695 1229 charactere
717 1189 830 1229 menaea
850 1174 880 1236 6.
903 1179 931 1227 et
949 1168 1014 1227 dier
1033 1170 1064 1235 4.
1110 1170 1201 1229 Lucio
1220 1188 1294 1229 vero

213 1252 321 1313 neiorie
344 1254 561 1333 comparandae
584 1253 679 1333 gratie
703 1254 826 1316 adverto
847 1272 978 1329 menaea,
1006 1264 1059 1312 aut
1077 1251 1296 1334 τριακονθημ-

213 1359 276 1418 poor
293 1336 478 1398 Tricenerioe
494 1358 556 1398 eece
570 1358 687 1419 eernper
704 1339 830 1420 plenos,
851 1348 904 1402 aet
918 1338 1041 1399 alternie
1056 1338 1173 1399 vicibue
1189 1338 1295 1419 plener

213 1431 239 1482 et
250 1442 341 1485 crece.
383 1420 499 1483 Horum
515 1423 609 1483 millia
623 1444 731 1484 novem
747 1423 814 1503 (elii
826 1443 956 1503 nemque
970 1444 988 1482 e
1004 1443 1118 1482 eernere
1131 1422 1182 1483 hic
1193 1422 1294 1503 requi-

212 1505 259 1565 rite
270 1506 389 1568 omuino
403 1517 474 1568 reat
487 1508 590 1582 alieni)
609 1509 641 1569 in
657 1508 719 1568 dite
736 1510 870 1576 265500.
886 1507 981 1571 dividi
1000 1517 1114 1567 certum
1129 1518 1188 1567 eet:
1210 1507 1295 1588 pleni

212 1591 311 1673 quippe
332 1611 435 1652 oroneo
460 1592 575 1653 dierum
598 1597 734 1661 270000.
755 1595 880 1670 exigunt
907 1612 1057 1653 remmam
1081 1611 1173 1672 quere
1196 1596 1293 1660 1500.

210 1674 296 1754 pleni,
316 1686 347 1736 et
367 1676 435 1737 cetri
450 1677 575 1739 totidem
594 1681 784 1760 praeminum
802 1679 937 1746 265600.
951 1679 1086 1738 reddent.
1130 1678 1198 1737 llice
1218 1678 1293 1737 ietoe

210 1758 232 1818 ei
249 1780 299 1840 per
315 1761 388 1828 865.
405 1760 609 1838 diutribuerie,
635 1764 707 1842 quid
728 1763 846 1823 sociliue
866 1783 954 1843 quam
971 1782 1117 1822 annorum
1134 1769 1208 1828 727.
1225 1762 1293 1820 die-

209 1863 321 1923 remqua
340 1845 412 1912 146.
437 1845 468 1904 id
483 1856 528 1907 eet
543 1847 688 1906 meneieoe
709 1848 802 1907 terme
817 1847 964 1926 quinque,
984 1866 1140 1906 numerum
1161 1845 1292 1925 colliget.

209 1927 243 1989 Et
253 1926 309 1989 hoc
321 1938 367 1989 eet
387 1929 529 1990 mendum
544 1930 622 1991 illud
640 1931 824 2008 Libreriene,
845 1929 920 1992 haec
936 1925 1107 2013 ἀλογιστία,
1129 1950 1207 2010 quae
1220 1935 1293 1989 Sca·

208 2010 321 2092 ligarent
334 2033 350 2072 e
363 2008 514 2075 Solae-ibeo
526 2015 564 2075 ed
579 2016 709 2077 Lenoree
721 2036 815 2076 ennoe
825 2019 1030 2077 traneeunt'em
1043 2015 1173 2094 impulit.
1216 2015 1293 2074 Coe·

208 2105 295 2159 terum
308 2098 391 2179 quod
405 2098 442 2159 de
454 2100 609 2159 Luctantio
626 2102 657 2159 in
675 2101 821 2161 mensium
834 2101 1063 2161 tricenortorum
1077 2100 1209 2159 savorem
1223 2098 1292 2158 rub.

206 2181 277 2259 licit,
297 2181 376 2244 nihil
391 2203 475 2243 euam
491 2185 542 2245 vel
565 2185 686 2264 Georgii
706 2205 770 2246 rem
789 2185 889 2262 iuvat,
917 2186 1002 2247 cuiue
1016 2195 1159 2266 computo
1177 2204 1292 2245 meueee

207 2268 257 2328 toli
268 2268 390 2329 alternie
405 2268 488 2348 pleni
507 2277 538 2328 et
550 2270 617 2347 cavi
634 2279 840 2348 egnoecuntua
854 2259 1021 2330 neceeeorii.

280 2354 345 2429 Peg·
366 2358 414 2420 19.
436 2348 547 2436 Πρώτη
560 2353 740 2435 δυναστεία]
763 2356 872 2433 Regem
886 2354 1017 2433 cingulo·
1033 2353 1205 2434 Dynaetiane
1221 2375 1292 2435 pro-

205 2436 291 2519 priam
299 2437 355 2498 eibi
362 2438 517 2499 vindicare
528 2438 660 2518 intellige
673 2460 712 2500 ex
722 2437 854 2500 Aethere
861 2439 1086 2521 peg.eepeeiore
1099 2438 1292 2501 consulendo.

273 2518 348 2603 'Ean
365 2516 560 2603 ‘tred‘Md'J
581 2524 647 2584 Hoc
669 2535 714 2585 eet
734 2518 818 2602 eped‘.
837 2524 888 2588 nel
907 2520 1019 2605 ἥμισυ.
1042 2525 1092 2588 uel
1108 2518 1145 2588 δ’.
1162 2522 1291 2606 dulcere

205 2604 363 2668 aLtlererio
380 2627 503 2668 erronee
516 2609 645 2691 ecripte‚
667 2619 697 2669 et
710 2619 845 2671 erranter
857 2612 949 2689 magi·
963 2630 980 2669 a
995 2610 1143 2687 Scaligero
1154 2604 1238 2687 used.
1253 2602 1291 2672 δ’.

207 2708 266 2769 pag.
286 2701 387 2753 texte·
404 2692 563 2754 Eerebiuni
583 2700 613 2761 7.
634 2695 752 2755 reddite
770 2694 891 2756 alteriue
917 2695 949 2754 in
970 2714 1037 2774 peg.
1063 2692 1291 2773 praecedentem

206 2774 315 2837 edroiui
328 2797 427 2838 caere.
468 2779 605 2857 Legendo
620 2789 719 2838 tenren
739 2779 799 2838 Me.
814 2799 927 2858 repono
943 2779 1042 2857 itoque
1055 2773 1136 2856 atre(-
1155 2770 1243 2843 Qd‘.
1256 2777 1289 2839 id

206 2855 334 2939 utuet'.
350 2858 424 2942 perd
437 2859 585 2941 ἡμίσεως,
606 2863 659 2925 eei
681 2867 831 2944 recouooiv
849 2860 980 2945 ἡμερῶν.
1024 2863 1177 2946 Perpeede
1200 2872 1290 2923 notae

204 2945 374 3022 penultimae
395 2953 425 3004 et
445 2945 606 3026 cuper-iorie
622 2946 741 3009 alteriue
761 2948 917 3024 minutiae,
932 2946 1055 3028 'quibue
1072 2948 1194 3007 tandem
1211 2941 1291 3030 pell.

203 3023 458 3109 eultopr'efproele
471 3029 628 3110 legendum
640 3032 822 3094 admonerie.

267 3111 373 3188 Ἥλιος
394 3112 559 3191 Ἡφαίστου
580 3115 630 3197 lep
649 3110 719 3197 roei]
733 3114 807 3197 Ἔπη
828 3110 877 3192 οἵ.
899 3115 1004 3176 lebena
1022 3113 1242 3175 eubetiteerern.
1259 3120 1289 3182 1.

204 3199 277 3277 quod
296 3219 392 3258 ennoe
414 3205 464 3265 77.
484 3200 633 3280 Excerpte
650 3201 754 3261 Latine
772 3201 916 3279 Sceligeri
931 3219 969 3259 ex
988 3197 1037 3258 lrie
1054 3197 1125 3259 olim
1143 3201 1288 3259 trenelata

203 3280 353 3344 exhibeant
365 3302 430 3365 pag.
446 3288 497 3350 60.
513 3290 542 3351 2.
557 3285 628 3364 quia
642 3304 711 3344 curn
725 3305 842 3362 regern,
863 3285 927 3344 eine
946 3283 1073 3343 tleorum
1085 3303 1139 3342 eex
1153 3283 1288 3345 Veleono

203 3370 395 3447 porteriorunr
410 3368 481 3428 enni
497 3370 627 3430 Luneree
648 3371 711 3430 aiut
726 3373 819 3438 2988.
834 3389 872 3429 cx
888 3368 1051 3428 obeereatie
1071 3376 1143 3427 note
1162 3389 1291 3449 praece-

203 3451 283 3514 dente
301 3455 331 3521 4.
349 3455 380 3514 id
395 3463 440 3514 eet
455 3455 526 3514 anni
542 3455 689 3516 duntaxat
710 3458 781 3522 211.
797 3454 861 3514 dice
884 3458 955 3521 181.
997 3453 1060 3512 Soli
1076 3453 1203 3513 Vulcani
1224 3455 1289 3514 litio

203 3541 279 3600 ennio
300 3544 351 3606 86.
368 3537 539 3614 attributie3
567 3541 629 3601 eiua
649 3549 679 3600 et
697 3540 920 3600 succedentium
940 3548 1070 3617 quatuor
1086 3539 1213 3598 lleorurn
1227 3540 1289 3619 (in.

201 3626 377 3685 nominatum
398 3624 481 3685 cuiue
503 3633 622 3706 temper
642 3625 829 3703 incognitum
848 3627 1013 3704 praetereo)
1035 3621 1074 3682 ed
1087 3626 1159 3691 247.
1178 3633 1207 3683 et
1221 3645 1288 3684 em-

201 3707 275 3787 pliue
292 3710 453 3773 recondere
472 3709 535 3769 tole
550 3709 727 3771 numerandi
746 3710 823 3770 ratio
843 3710 985 3769 declaret.
1029 3708 1121 3767 Annio
1142 3709 1242 3788 itaque
1255 3715 1285 3776 9.
1302 3712 1369 3768 Μ

202 3793 270 3853 Solia
291 3815 383 3874 reguo
398 3812 437 3854 ex
451 3795 560 3855 vetueti
575 3796 672 3857 latini
692 3803 792 3855 textur
804 3793 985 3854 authoritate
1002 3792 1165 3870 detractio,
1192 3802 1221 3854 et
1234 3798 1286 3859 77.

201 3878 324 3955 relictie,
344 3881 372 3939 ei
388 3877 656 3957 Agathodaernonie
675 3882 726 3946 66.
744 3899 813 3940 curn
830 3878 947 3955 medio,
969 3886 999 3939 et
1020 3878 1082 3937 dieo
1100 3883 1151 3945 10.
1165 3878 1287 3938 Saturni

202 3962 247 4027 10.
262 3984 329 4024 curn
343 3964 454 4040 medio,
468 3964 826 4046 Oeiridi185.'lyplronie
842 3969 892 4031 29.
905 3964 1089 4037 adiunxerit,
1110 3983 1147 4021 ex
1160 3961 1287 4022 collecta

202 4049 301 4108 exinde
318 4069 465 4109 annorum
484 4054 556 4117 238.
571 4059 602 4110 et
619 4051 735 4110 dierum
754 4055 950 4126 10.eu1nura,
973 4049 1035 4109 lleo
1054 4067 1200 4127 anonyme
1221 4047 1286 4120 (cu-

201 4130 244 4191 iue
265 4154 371 4194 nornen
387 4134 575 4195 Ptoliarchee
597 4136 629 4196 in
646 4135 804 4215 Excerptie
825 4135 939 4196 Latieir
959 4133 1153 4216 exprimitur)
1168 4131 1240 4192 anni
1254 4134 1286 4198 6.

201 4227 228 4276 et
238 4219 299 4279 dieo
316 4224 386 4285 171.
404 4221 556 4297 regnando
570 4220 644 4280 lient
656 4219 775 4299 reliqui.

275 4298 504 4386 Ἀγαθοδαὶμων
525 4303 576 4409 lep
597 4300 650 4377 νζ.
669 4304 721 4369 eul
740 4299 851 4384 ἥμισυ,
872 4302 926 4367 nul
943 4301 1058 4386 eletione
1075 4297 1168 4379 dixu]
1189 4296 1286 4360 Habet

200 4383 255 4450 us.
273 4389 323 4471 Ιιη
340 4383 395 4461 ee‘.
415 4384 510 4470 ἥμισυ
528 4412 583 4453 eo.
606 4411 683 4473 quoe
704 4389 859 4452 mentre
876 4398 909 4450 et
929 4407 1059 4470 expanee
1072 4386 1138 4467 lego
1152 4384 1204 4469 lup
1217 4406 1288 4450 rete·

261 4482 570 4562 congemerent
1038 4475 1080 4541 2³
