2864 5004
425 431 486 501 ΕΤ
505 431 854 503 ANNOTA'I'IONES
1106 422 1183 501 486

104 587 202 665 nario,
224 584 423 683 ascendebant
434 584 585 646 larselitas
602 587 640 646 ad
656 587 758 683 denam
774 587 880 648 millis:
901 590 1065 670 myriadem
1085 600 1183 655 entem

99 673 179 733 illam
193 674 343 751 aequalem
358 692 413 751 per
427 690 571 732 sanorum
587 673 728 731 ambitum
747 671 786 732 da
798 692 944 734 cresceres
965 675 1004 734 da
1021 677 1099 738 vitoe
1113 679 1180 738 diu·
1192 684 1223 739 Ρ.
1240 681 1277 742 lt)

98 757 280 832 turnitstem,
295 755 402 816 dallei
417 756 556 816 mulieres
571 755 779 817 foecundentis
790 757 934 818 auxilium
942 780 952 837 5
973 759 1010 819 ds
1026 780 1094 820 cum
1108 783 1184 823 uxo·

96 840 180 902 ribus
195 841 306 901 exteris
323 839 398 901 inita
419 839 580 917 connubia,
600 840 638 900 ds
651 841 790 901 festinmn
804 841 968 902 liberorum
979 841 1184 907 habendorum

99 944 216 1000 nuans,
238 924 277 985 ds
289 944 418 986 uxorum
432 925 546 985 licitum
560 944 595 984 eo
607 935 742 1005 tempore
754 923 890 1003 turbam,
909 925 947 986 ds
962 928 1089 1007 quodvis
1102 931 1184 991 eliud

97 1008 130 1068 in
144 1010 315 1069 duoendse
331 1010 425 1090 prolis
443 1019 632 1088 augmentum
648 1029 844 1087 concurrere,
864 1011 898 1070 in
912 1030 1000 1090 quem
1014 1013 1104 1073 alium
1121 1034 1183 1075 nu·

96 1113 231 1166 merum,
250 1093 282 1153 in
300 1103 376 1174 quot
389 1094 460 1153 sliss
478 1114 497 1152 s
519 1094 674 1154 recensitis
696 1095 896 1155 lsraelitsrum
917 1096 1098 1176 myriadibus
1119 1117 1183 1159 nou

97 1187 250 1237 excrescet
270 1198 324 1257 per
339 1199 433 1238 ssrnos
449 1178 594 1238 ducentos
613 1178 700 1239 unius
715 1177 861 1251 bominis,
880 1179 942 1239 imo
960 1188 1008 1241 tot
1025 1180 1182 1244 hominum

96 1262 295 1343 multiplicate
306 1262 444 1324 soboles'l
464 1264 555 1340 Vide,
576 1264 677 1339 sodes,
700 1264 853 1323 Petusium
869 1284 905 1324 ex
926 1284 986 1325 uns
1008 1267 1075 1327 Sem
1089 1266 1183 1347 stirpe

96 1366 172 1427 pene
192 1346 282 1407 simili
304 1367 450 1408 annorum
471 1349 543 1415 215.
564 1348 660 1427 spatio
677 1344 832 1408 hominum
855 1350 1072 1419 1065741824.
1093 1370 1184 1431 quum
1210 1384 1217 1400 ·

96 1432 184 1491 facile
198 1431 394 1492 deducentem
406 1433 458 1492 lib.
472 1438 502 1499 9.
515 1433 553 1491 de
567 1433 650 1492 bon.
665 1432 767 1512 Temp.
789 1453 854 1514 cup.
876 1434 926 1498 14.
943 1434 1005 1493 eius
1023 1453 1094 1495 saro
1111 1455 1184 1496 sen·

95 1517 220 1575 tentiam
233 1514 360 1577 Autbori
372 1516 581 1596 suss'rsgsntem
593 1516 722 1576 eiusdem
736 1516 787 1577 lib.
801 1537 867 1597 cap.
879 1521 932 1584 24.
953 1517 1062 1577 Obiicit
1072 1519 1184 1581 iterem

96 1600 320 1661 Genebrardus:
348 1601 462 1663 Achior
496 1601 720 1682 quadringentis
750 1602 783 1661 in
807 1602 941 1682 Aegypto
967 1601 1004 1661 ab
1024 1603 1186 1665 israelitica

92 1693 181 1762 gente
195 1687 308 1744 exactis
321 1686 406 1746 snnis
418 1684 659 1747 ettestsriludith
674 1705 739 1766 cap.
747 1686 777 1752 6.
797 1685 839 1746 dt
852 1694 918 1746 toto
930 1707 988 1765 pro
998 1697 1084 1763 parte
1096 1707 1184 1748 usur·

92 1778 183 1849 pato,
206 1768 452 1847 synecdochicuis
469 1789 523 1829 nos
541 1770 627 1849 loqui
644 1770 758 1845 solere,
778 1789 841 1829 non
855 1769 988 1845 ignorat,
1008 1771 1059 1848 qui
1074 1772 1187 1831 struxit

91 1851 301 1915 obiectionem.
343 1852 432 1912 Aliud
448 1852 579 1913 validius
591 1860 796 1929 argumentum
812 1871 844 1912 se
866 1862 1065 1933 contorquere
1082 1854 1185 1932 iactat,

92 1956 163 1997 eum
178 1945 342 1996 memorate
354 1936 454 1997 liberis
467 1934 610 2017 Ephrsim
626 1956 643 1993 s
657 1934 857 1996 Gethaeorum
872 1938 985 2017 populo
1000 1938 1085 1998 illate
1099 1959 1183 2016 nece,

92 2022 249 2102 copiosam
266 2022 431 2099 apetribus
447 2021 480 2079 in
494 2020 573 2079 filios
587 2019 692 2080 ordine
705 2020 866 2100 multiplici
881 2021 1038 2082 deductam
1053 2023 1184 2084 eiusdem

89 2105 238 2186 Ephraim
253 2104 441 2185 progeniem,
463 2112 493 2163 et
508 2101 603 2164 multo
616 2102 754 2183 pluribus
772 2104 846 2170 215.
868 2106 954 2165 ermis
971 2106 1055 2166 heud
1069 2107 1186 2169 exbsu-

90 2190 241 2266 riendem,
262 2199 292 2249 et
301 2209 356 2269 per
365 2197 474 2249 aetates
487 2188 616 2267 singulae
632 2187 720 2248 facile
733 2187 965 2249 distribuendam
979 2194 1007 2256 1.
1020 2192 1146 2272 Paralip.
1154 2197 1186 2259 7.

89 2294 121 2335 v.
133 2278 190 2341 23.
212 2282 354 2334 recenset.
396 2274 555 2351 Ingressus
576 2282 620 2330 est
636 2271 790 2352 Ephraim
812 2271 858 2331 nd
872 2293 994 2332 uxorem
1013 2296 1103 2334 suam
1112 2286 1186 2355 post

80 2360 231 2443 filiorum
244 2358 375 2434 staden,
397 2379 474 2439 quae
488 2359 621 2436 concepit
632 2368 660 2415 et
670 2358 803 2436 pensent
812 2358 933 2436 fllium,
954 2368 982 2416 et
997 2363 1118 2419 vocavit
1127 2381 1187 2420 no·

88 2466 163 2503 men
181 2446 249 2501 es'rss
260 2447 374 2515 Beria,
395 2464 427 2502 eo
445 2440 530 2523 quod
542 2444 576 2501 s'n
594 2443 686 2500 malis
701 2440 810 2500 domm
827 2445 892 2501 eius
910 2453 995 2502 ortus
1008 2456 1096 2503 essets
1108 2446 1187 2524 fllia

88 2540 198 2587 autem
213 2530 356 2606 eissssns't
368 2528 448 2587 Sara
460 2540 515 2588 etc.
556 2526 754 2604 Porrosdt'na
769 2529 836 2585 eius
847 2527 963 2608 napta
978 2539 1007 2586 et
1025 2529 1143 2609 Resepls
1158 2538 1187 2587 ct

94 2615 212 2689 thale,
232 2612 350 2693 dequo
372 2623 467 2671 notus
493 2622 537 2672 ess
561 2612 685 2687 ulman,
714 2613 771 2689 qui
789 2614 898 2692 genuit
919 2610 1071 2688 Medon,
1092 2613 1187 2672 nunu

87 2696 496 2860 &intinniit
508 2708 694 2841 ttet‘t‘:
706 2697 851 2839 diii?
856 2694 1186 2861 inlatam
1198 2696 1278 2755 ver

85 2867 212 2947 spatio,
228 2874 298 2943 post
318 2874 379 2923 tem
400 2866 520 2945 copiose
540 2871 732 2943 propsgstsm
754 2864 817 2921 eius
837 2863 979 2943 stirpem,
1006 2872 1042 2925 nt
1056 2875 1187 2927 nnana

87 2948 169 3010 sciei
202 2947 424 3028 componendus
456 2946 624 3021 sufficeret,
652 2955 688 3006 ut
712 2945 815 3023 loeus,
835 2946 975 3027 inqusm,
1003 2957 1127 3010 octsvns
1148 2950 1186 3009 ab

85 3032 257 3114 Ephraim,
278 3032 421 3113 septimus
440 3051 458 3089 a
481 3032 570 3092 Beria
587 3038 769 3090 numeratur.
810 3032 851 3091 nt
870 3042 1009 3091 nwrsuns
1032 3045 1076 3093 est
1098 3034 1187 3095 loeus

77 3120 189 3199 filius
205 3119 280 3177 Nun
293 3138 400 3176 savus
411 3118 557 3187 Domini,
576 3126 611 3176 ut
623 3115 719 3195 ipsius
732 3114 785 3175 lsb.
802 3133 868 3195 cap.
882 3108 937 3184 24)
950 3135 981 3178 v.
996 3120 1047 3184 29.
1064 3117 1184 3197 legitur,

85 3213 220 3264 uentrem
235 3213 262 3261 et
275 3200 374 3262 decern
387 3222 555 3261 annorum.-
572 3210 602 3260 et
618 3209 686 3280 post
697 3200 787 3260 lllosis
800 3200 912 3260 obitum
925 3200 1066 3260 ducatum
1078 3201 1187 3282 populi

85 3288 185 3369 gessit
201 3287 275 3347 solis
292 3286 415 3369 (inquit)
430 3285 531 3347 decem
546 3285 647 3345 annis:
669 3304 759 3364 quera
771 3303 837 3343 cum
849 3283 980 3363 populus
994 3302 1032 3343 ex
1048 3284 1185 3366 Aegypto

86 3374 151 3434 sub
174 3371 268 3433 blesis
287 3371 427 3450 suspiriis
449 3389 577 3449 egressus
596 3376 654 3444 est,
676 3370 760 3428 iosus
780 3367 838 3427 fuit
859 3386 1006 3427 snnnrum
1020 3372 1071 3435 60.
1088 3390 1107 3428 s
1128 3372 1188 3432 Be-

85 3460 159 3520 rius
179 3476 253 3517 vero
268 3456 368 3515 ·nstali
387 3456 450 3531 die,
470 3454 521 3534 qui
542 3452 600 3512 luit
618 3461 687 3532 post
707 3451 797 3511 Iecob
817 3460 944 3512 mortem
968 3472 1048 3513 anno
1066 3452 1188 3517 circiter

87 3541 342 3624 quinquagesimo
358 3538 397 3598 ad
410 3538 498 3600 Iosne
509 3536 690 3599 incunabula
708 3555 772 3597 non
786 3546 913 3616 possunt
927 3536 999 3596 anni
1016 3539 1119 3618 plures
1132 3545 1185 3609 90.

84 3627 296 3700 intercedere;
317 3622 406 3705 quisi
419 3625 556 3703 praecoci
570 3622 695 3702 quedam
709 3620 911 3683 foecunditate
924 3632 1040 3703 septem
1053 3632 1104 3683 eut
1117 3633 1186 3683 octo

84 3710 336 3791 generationibus
349 3708 533 3781 tribuantur,
555 3708 688 3787 singulos
700 3707 786 3767 losue
802 3705 929 3767 maiores
943 3706 1116 3768 duodecimo
1129 3707 1187 3768 cir.

85 3797 174 3858 citer
193 3815 272 3855 anno
300 3794 409 3854 liberos
431 3811 604 3873 procreasse
620 3790 890 3874 deprehendemus:
913 3799 975 3851 tam
995 3799 1186 3871 portentosas

87 3888 200 3941 autern
224 3877 379 3939 hominnm
399 3877 600 3957 generationes
623 3877 690 3958 quis
712 3876 832 3958 probet,
852 3874 912 3934 nisi
930 3874 984 3955 qui
997 3876 1112 3937 subulas
1130 3895 1185 3936 sus

86 3962 277 4026 credulitate
291 3972 408 4023 censeat
420 3961 573 4036 emendas,
592 3962 708 4023 eusdem
723 3981 793 4021 cum
805 3959 961 4019 derisionis
971 3961 1106 4040 periculo
1119 3960 1185 4020 aliis

86 4047 208 4111 deinde
218 4047 457 4108 distributurus?
477 4046 631 4127 Negotium
649 4046 803 4128 praeberet
824 4044 940 4104 obiects
959 4044 1135 4122 difficultas,
1157 4044 1184 4104 si

86 4152 176 4216 qnos
188 4131 286 4192 citetis
304 4132 404 4193 verbis
420 4140 572 4194 enumerat
587 4132 741 4214 Scriptura
760 4136 951 4191 concatenata
968 4129 1058 4205 serie,
1080 4138 1110 4188 et
1130 4147 1183 4188 or-

86 4220 172 4281 dina
184 4216 339 4278 continuo
362 4216 419 4278 sibi
439 4225 652 4300 consequenter
671 4215 851 4291 adhaesisse,
869 4224 899 4275 et
915 4232 1008 4273 nnnm
1024 4222 1095 4293 post
1108 4213 1183 4274 slts·

86 4323 168 4366 rum
183 4302 216 4363 in
233 4304 329 4362 lucam
349 4301 467 4363 venisse
485 4303 715 4364 demonstrarets
736 4310 769 4361 at
788 4300 857 4382 quis
874 4318 937 4359 non
957 4296 1059 4357 credat
1079 4298 1183 4379 plures

86 4407 137 4450 ex
151 4387 198 4451 eis
219 4405 347 4470 quorum
365 4384 417 4447 bic
435 4385 582 4451 babentm·
599 4386 721 4449 nomine
734 4387 841 4450 iratres
855 4382 1053 4460 adinvicem,
1072 4391 1104 4445 et
1118 4380 1183 4464 peri
