3428 4998
541 402 602 471 ET
623 396 978 471 ANNOTATIONES.
1237 385 1314 459 361

300 557 365 637 Peg.
386 560 438 626 33.
456 560 551 621 Έτοῖν
566 552 679 642 mli]
722 556 765 615 Ut
785 556 935 616 Paradori
957 575 1069 617 annos
1088 552 1199 616 Christi
1213 551 1308 613 inass-

231 641 332 704 nthulis
346 646 417 710 411.
439 642 688 719 chronologicum
710 662 787 721 opus
801 642 897 699 moliti
915 642 1016 722 lapsus
1038 649 1173 721 reparet,
1198 659 1234 698 ae
1246 657 1307 720 pe·-

229 727 318 790 ticulis
340 748 377 788 ex
401 728 464 788 eius
484 727 612 787 lectione
637 726 853 803 emergentibus
877 725 992 786 obviam
1023 726 1067 786 ire
1086 724 1239 798 videatur,
1267 743 1307 783 ex

229 813 283 873 aius
295 834 382 894 spere
398 813 547 874 Cltrosrieo
560 813 650 873 verba
665 810 749 884 lmec,
772 820 806 870 ut
819 832 922 871 sumus
935 812 1069 892 praelati,
1082 808 1306 870 Autboeror-

228 898 283 976 gius
299 901 410 959 reterre
434 907 612 978 perseverat.
654 896 693 957 Iit
713 896 812 957 heresi
834 898 952 976 quidem
967 895 1213 974 hlanethonisqus
1234 914 1307 954 sen-

228 983 353 1053 teutiam,
374 981 465 1042 buius
482 981 712 1064 Aegyptiorum,
737 982 820 1041 illius
846 981 1062 1041 Chaldaeorum
1084 980 1225 1057 imperis,
1253 999 1308 1059 per

227 1085 361 1128 sanorum
374 1068 490 1147 aliquot
502 1069 650 1148 myriadas
664 1077 733 1126 ante
746 1067 893 1127 diluvium
903 1064 1108 1138 statuentium,
1119 1063 1228 1142 quihus
1241 1072 1308 1141 pot·

226 1159 265 1211 est
283 1164 506 1233 oppugnaturus
529 1152 696 1231 rationibus
713 1154 861 1213 Anisnuna
883 1152 1131 1228 Panadorumque
1147 1146 1309 1207 Masiaclros

225 1234 394 1316 Aegyptios,
417 1239 594 1315 scriptorem
608 1247 767 1313 utrumque
781 1236 937 1312 benignius
958 1237 1186 1313 interpretatos,
1208 1231 1311 1291 tacitis

225 1317 290 1378 lieet
303 1339 405 1379 earum
417 1320 587 1379 nominihus
608 1321 727 1387 cessauit
747 1321 955 1380 confutandas.
998 1319 1091 1379 lidem
1117 1337 1188 1377 vero
1204 1315 1312 1377 Theo-

224 1399 302 1483 philo
315 1402 416 1463 sedem
431 1406 662 1465 Alexandrinam
677 1405 732 1463 sub
744 1406 870 1464 Arcadio
885 1404 1022 1486 principe
1037 1402 1221 1479 moderante,
1243 1422 1312 1462 eum

224 1486 254 1546 ia
265 1488 393 1569 Aegypto
408 1487 555 1548 chronica
569 1509 620 1548 sue
636 1490 882 1570 conscripserint,
904 1489 1012 1568 quihus
1025 1487 1165 1548 nonmhil
1180 1484 1312 1547 authori·

224 1572 287 1631 tatis
299 1573 486 1632 idololatriae
498 1574 547 1632 rel
562 1572 714 1632 haereseos
728 1575 893 1633 cultoribus
906 1575 943 1632 ob
955 1575 1054 1633 Bernsi
1066 1573 1313 1653 Manathanisqus

224 1666 339 1715 mentem
352 1657 473 1715 suarius
488 1657 653 1737 expositam
666 1667 766 1715 censet
778 1657 895 1717 Author
907 1659 1079 1716 accessisse:
1101 1656 1171 1714 hine
1184 1657 1312 1714 idolola-

224 1739 306 1817 triae,
327 1741 524 1817 Asianorum,
544 1739 843 1819 Manichaeorumque
854 1740 1025 1803 haeresibus
1035 1739 1207 1803 refellendis
1218 1737 1312 1798 Ghro·

223 1825 362 1904 uslagiam
384 1827 471 1886 edere
485 1826 662 1902 meditatus,
690 1827 729 1886 ad
743 1826 856 1887 laudati
871 1826 1029 1905 Theophili
1046 1825 1257 1886 idololstarum
1279 1833 1310 1884 et

225 1910 393 1971 Arianorum
406 1911 570 1972 adversarii
588 1920 712 1971 aetatem
726 1911 763 1971 ab
778 1913 850 1972 orba
865 1913 989 1973 condito
1004 1911 1097 1978 6904·
1109 1928 1194 1971 ⁸00¹1⁸
1210 1909 1310 1990 Ρωῑῑῦ

223 1998 414 2076 praelatorum
436 1996 563 2077 Aegypti
589 1994 803 2058 hlonechorum
823 1997 963 2072 inserita,
995 2000 1186 2076 exipsorum
1208 1994 1309 2054 verbis

224 2082 384 2140 memoriam
398 2102 484 2159 agere
501 2101 560 2141 uon
574 2091 705 2143 veretur.
738 2082 859 2143 Floruit
872 2083 925 2142 ille
937 2080 1120 2161 Theophilus
1140 2079 1197 2161 sub
1214 2080 1310 2138 Area·

223 2161 276 2242 dio,
295 2175 324 2226 et
335 2166 449 2226 exactis
462 2166 494 2225 in
508 2166 687 2228 l'ontiiieatu
701 2168 787 2227 struis
799 2170 850 2234 28.
864 2166 969 2228 scribit
986 2164 1191 2246 Theophanes,
1211 2162 1309 2225 'Ilieo-

222 2248 291 2310 dosii
301 2252 427 2313 iustioris
441 2253 578 2333 septimo,
592 2263 743 2332 reparatio
753 2253 856 2312 salutis
863 2255 935 2320 407.
949 2251 1028 2311 diem
1043 2261 1209 2311 extremum
1224 2249 1309 2311 obiit.

223 2335 281 2408 Qus
295 2357 386 2417 porro
409 2336 519 2415 pietate
539 2339 674 2416 turpium
696 2358 852 2397 sacrarum
877 2336 1057 2398 execrandas
1080 2335 1157 2396 ritus
1170 2335 1309 2395 Alexan-

221 2418 295 2479 driae
306 2421 479 2498 sustulerit,
501 2422 605 2481 altaria
617 2421 775 2500 deiecerit,
798 2443 836 2482 ex
850 2423 1007 2483 metallicis
1022 2420 1209 2482 simulachris
1222 2440 1308 2481 uum·

220 2522 279 2564 mos
299 2506 475 2566 conflaverit
492 2505 525 2566 in
550 2499 697 2589 pauperes
717 2506 898 2586 erogandas,
920 2508 1001 2568 unde
1019 2507 1079 2567 sibi
1092 2527 1200 2568 nomen
1225 2504 1310 2567 aldu-

220 2584 358 2655 lossa'nou
371 2591 547 2672 promeruit,
565 2595 658 2653 refert
672 2591 866 2674 Theophanes
879 2593 964 2653 hrevi
978 2592 1091 2674 publici
1105 2591 1180 2651 iuris
1191 2590 1309 2649 facien-

222 2672 271 2735 dus
286 2696 364 2736 anno
381 2677 479 2754 magni
494 2676 654 2736 Theodosii
672 2683 721 2743 12.
764 2680 806 2736 lte
819 2699 880 2755 quo
893 2678 1002 2736 iterum
1019 2677 1051 2735 in
1065 2695 1146 2755 seqq.

292 2755 360 2823 'lust
376 2763 527 2837 θεοφίλου
542 2755 598 2840 κβ.
613 2754 847 2839 αρχιεπισκόπου
859 2754 1102 2842 Ἀλεξανδρείας.)
1134 2758 1220 2819 Hune
1235 2778 1309 2819 eun·

222 2843 298 2920 dam,
320 2844 498 2921 vigesimum
509 2855 627 2904 sextum
647 2843 833 2926 Niecpbarm
845 2855 997 2906 numerat:
1028 2846 1082 2905 sad
1102 2845 1187 2904 salso.
1238 2845 1311 2904 Post

220 2928 364 2988 Theooam
383 2930 481 3003 enim,
502 2948 590 3009 quem
611 2930 774 3011 cumipse,
797 2940 862 2990 tum
879 2932 1023 3011 Georgius
1037 2940 1140 2990 noster
1159 2928 1197 2988 sd
1210 2929 1310 3010 operis

221 3014 343 3088 ulcera,
363 3022 429 3072 tum
444 3013 638 3095 Theophanes
653 3015 709 3074 suh
725 3016 823 3095 operis
837 3016 975 3093 initium,
996 3027 1081 3075 sexto
1099 3015 1214 3074 decimo
1227 3015 1311 3072 locat

221 3098 335 3177 ordine,
356 3099 461 3159 Petrus
475 3101 590 3181 hlartyr
603 3101 703 3161 sedem
717 3101 849 3159 obtinuit
864 3101 997 3159 decimus
1009 3099 1170 3178 septimus,
1193 3097 1244 3155 cui
1258 3097 1306 3156 de·
1324 3100 1356 3156 P.
1373 3104 1409 3161 12

219 3181 306 3243 cimus
317 3194 442 3243 aeturus
457 3186 599 3245 suecessit
616 3204 678 3244 non
695 3182 826 3243 Achillas
844 3185 895 3263 qui
912 3180 989 3258 tarde
1004 3178 1118 3262 ἱερεῦς,
1140 3194 1169 3240 ct
1182 3184 1310 3262 simplex

218 3269 368 3348 Presbyter
379 3271 455 3345 suit,
477 3271 530 3329 sed
544 3269 713 3329 Alexander
732 3289 809 3328 unus
821 3289 858 3328 ex
873 3270 1018 3329 Nicaenae
1032 3268 1145 3348 synodi
1162 3267 1309 3344 Patribus,

219 3354 343 3415 desimus
355 3374 455 3414 nonus
468 3353 646 3415 Athanasius
661 3354 893 3414 Alexandrinam
905 3355 984 3414 rexit
993 3354 1173 3430 Ecclesiam,
1195 3352 1243 3412 cui
1257 3353 1308 3412 vi·

219 3439 339 3516 gasimus
359 3440 436 3499 alius
445 3440 567 3499 Petrus
581 3439 724 3500 suffectus
747 3448 810 3516 est,
833 3439 941 3500 deinde
954 3437 1127 3498 Timotheus
1148 3438 1307 3517 vigesimus

218 3524 340 3603 primus,
362 3544 399 3584 ae
418 3523 547 3605 denique
573 3525 720 3584 secundus
742 3545 834 3606 supra
847 3525 1020 3604 vigesimum
1042 3522 1094 3583 hie
1112 3522 1307 3605 Theophilus.

219 3609 352 3669 Aetheris
369 3610 502 3688 catalogo
515 3610 582 3669 sliis
596 3611 773 3670 enumeratis
787 3611 963 3671 adversatur
975 3608 1169 3689 Nicephorus.
1204 3607 1308 3667 'l'heo-

218 3709 270 3750 aae
287 3715 413 3776 namque
428 3694 466 3753 ab
483 3695 549 3776 ipso
564 3696 676 3777 pariter
691 3705 721 3754 ct
737 3716 753 3752 a
768 3697 896 3775 Georgia
910 3695 941 3754 in
957 3695 1234 3754 sextumdecimum
1253 3694 1308 3750 ad-

218 3775 301 3835 misso
318 3780 637 3861 decimumseptimum
654 3781 772 3839 Petrum
790 3782 951 3859 hlartyrem
965 3779 1138 3856 substituit,
1160 3777 1308 3837 decimum

220 3868 352 3922 esurum
365 3863 526 3943 Achillam,
553 3871 603 3933 19.
620 3866 836 3943 Alexandrum,
859 3872 910 3933 20.
925 3865 1130 3936 Athanasium,
1152 3868 1203 3926 21.
1217 3859 1308 3919 Atha.

218 3947 329 4004 assium
352 3949 480 4006 eundem
501 3950 591 4009 exilio
617 3962 807 4027 revocatum,
837 3958 886 4017 22
910 3951 1070 4029 Georgium
1091 3946 1249 4021 Asianum,
1277 3957 1308 4007 et

218 4026 409 4090 Athanasium
431 4032 522 4091 tertio
538 4034 603 4092 sedi
629 4036 819 4111 restitutum,
841 4036 1014 4114 vigesimam
1041 4034 1162 4093 tertium
1187 4033 1309 4091 Petrum

705 4120 712 4133 ‘
836 4122 842 4135 ⁸
1069 4122 1080 4152 ἱ
1120 4140 1125 4150 ι
1203 4117 1209 4128 '
1253 4140 1258 4151 ι

218 4116 957 4283 tlhttt‘fsth.lbl'¹tt¹¹.l¹,‚.lt⁰..¹¹?¹¹n
973 4122 1033 4283 qap
1050 4121 1177 4263 litt
1200 4126 1308 4263 llll

219 4296 363 4365 expuncto
380 4285 509 4366 Georgia
523 4284 676 4346 haereseos
691 4290 823 4347 antistite
842 4309 896 4368 per
915 4291 974 4347 viru
983 4333 993 4363 ,
1019 4290 1150 4359 legitimo
1166 4288 1309 4348 Pantihee

220 4369 312 4433 albae
325 4370 457 4451 virente,
478 4374 511 4433 iu
523 4371 622 4433 sedem
635 4370 765 4450 intruso,
779 4374 895 4434 omissis
908 4374 997 4435 etiam
1011 4373 1163 4434 Athanasii
1172 4374 1309 4453 Petrique
