<?xml version="1.0" encoding="UTF-8"?>
<!DOCTYPE html PUBLIC "-//W3C//DTD XHTML 1.0 Transitional//EN"
    "http://www.w3.org/TR/xhtml1/DTD/xhtml1-transitional.dtd">
<html xmlns="http://www.w3.org/1999/xhtml" xml:lang="en" lang="en">
 <head>
  <title>
</title>
<meta http-equiv="Content-Type" content="text/html;charset=utf-8" />
  <meta name='ocr-system' content='tesseract 3.04.00' />
  <meta name='ocr-capabilities' content='ocr_page ocr_carea ocr_par ocr_line ocrx_word'/>
</head>
<body>
  <div class='ocr_page' id='page_1' title='image "./corpusscriptoru10berlgoog_0039.png"; bbox 0 0 2946 4996; ppageno 0'>
   <div class='ocr_carea' id='block_1_1' title="bbox 252 401 979 477">
    <p class='ocr_par' dir='ltr' id='par_1_1' title="bbox 252 401 979 477">
     <span class='ocr_line' id='line_1_1' title="bbox 252 401 979 477; baseline -0.006 0"><span class='ocrx_word' id='word_1_1' title='bbox 252 401 302 477; x_wconf 73' lang='lat'>28</span> <span class='ocrx_word' id='word_1_2' title='bbox 649 405 692 474; x_wconf 88' lang='lat' dir='ltr'>G.</span> <span class='ocrx_word' id='word_1_3' title='bbox 711 403 754 473; x_wconf 89' lang='lat' dir='ltr'>G.</span> <span class='ocrx_word' id='word_1_4' title='bbox 773 405 979 477; x_wconf 82' lang='lat' dir='ltr'>BREDOVII</span> 
     </span>
    </p>
   </div>
   <div class='ocr_carea' id='block_1_2' title="bbox 245 563 1339 1508">
    <p class='ocr_par' dir='ltr' id='par_1_2' title="bbox 249 563 1339 902">
     <span class='ocr_line' id='line_1_2' title="bbox 334 563 1338 650; baseline 0 -22"><span class='ocrx_word' id='word_1_5' title='bbox 334 565 446 650; x_wconf 78' lang='lat' dir='ltr'>Repeto</span> <span class='ocrx_word' id='word_1_6' title='bbox 477 584 550 646; x_wconf 77' lang='lat' dir='ltr'>quie</span> <span class='ocrx_word' id='word_1_7' title='bbox 567 563 626 625; x_wconf 84' lang='lat' dir='ltr'>ism</span> <span class='ocrx_word' id='word_1_8' title='bbox 638 581 729 646; x_wconf 84' lang='lat' dir='ltr'>suprs</span> <span class='ocrx_word' id='word_1_9' title='bbox 750 564 832 640; x_wconf 82' lang='lat' dir='ltr'>dixi,</span> <span class='ocrx_word' id='word_1_10' title='bbox 860 564 1026 645; x_wconf 84' lang='lat' dir='ltr'>quibusque</span> <span class='ocrx_word' id='word_1_11' title='bbox 1048 572 1128 625; x_wconf 85' lang='lat' dir='ltr'>certe</span> <span class='ocrx_word' id='word_1_12' title='bbox 1147 585 1249 626; x_wconf 88' lang='lat' dir='ltr'>onmes</span> <span class='ocrx_word' id='word_1_13' title='bbox 1266 586 1338 629; x_wconf 88' lang='lat' dir='ltr'>eru·</span> 
     </span>
     <span class='ocr_line' id='line_1_3' title="bbox 252 649 1336 728; baseline -0.002 -15"><span class='ocrx_word' id='word_1_14' title='bbox 252 650 310 714; x_wconf 77' lang='lat' dir='ltr'>titi</span> <span class='ocrx_word' id='word_1_15' title='bbox 330 651 543 712; x_wconf 77' lang='lat' dir='ltr'><strong>mentientur:</strong></span> <span class='ocrx_word' id='word_1_16' title='bbox 570 649 773 728; x_wconf 71' lang='lat' dir='ltr'><strong>„scriptorem</strong></span> <span class='ocrx_word' id='word_1_17' title='bbox 791 670 879 709; x_wconf 87' lang='lat' dir='ltr'>sense</span> <span class='ocrx_word' id='word_1_18' title='bbox 898 650 1005 710; x_wconf 89' lang='lat' dir='ltr'>mentis</span> <span class='ocrx_word' id='word_1_19' title='bbox 1024 649 1057 708; x_wconf 92' lang='lat' dir='ltr'>in</span> <span class='ocrx_word' id='word_1_20' title='bbox 1071 649 1172 710; x_wconf 82' lang='lat' dir='ltr'>eodem</span> <span class='ocrx_word' id='word_1_21' title='bbox 1189 651 1265 710; x_wconf 85' lang='lat' dir='ltr'>libro</span> <span class='ocrx_word' id='word_1_22' title='bbox 1283 654 1336 711; x_wconf 82' lang='lat' dir='ltr'>sibi</span> 
     </span>
     <span class='ocr_line' id='line_1_4' title="bbox 251 731 1339 813; baseline -0.003 -16"><span class='ocrx_word' id='word_1_23' title='bbox 251 737 455 798; x_wconf 70' lang='lat' dir='ltr'>contradicere</span> <span class='ocrx_word' id='word_1_24' title='bbox 478 754 540 797; x_wconf 89' lang='lat' dir='ltr'>uon</span> <span class='ocrx_word' id='word_1_25' title='bbox 562 731 674 794; x_wconf 81' lang='lat' dir='ltr'>velie.&#39;&#39;</span> <span class='ocrx_word' id='word_1_26' title='bbox 715 734 837 793; x_wconf 80' lang='lat' dir='ltr'>Licetne</span> <span class='ocrx_word' id='word_1_27' title='bbox 862 733 954 813; x_wconf 85' lang='lat' dir='ltr'>igitur</span> <span class='ocrx_word' id='word_1_28' title='bbox 974 733 1111 813; x_wconf 84' lang='lat' dir='ltr'>eredere,</span> <span class='ocrx_word' id='word_1_29' title='bbox 1133 733 1291 813; x_wconf 81' lang='lat' dir='ltr'>Georgium</span> <span class='ocrx_word' id='word_1_30' title='bbox 1306 737 1339 795; x_wconf 89' lang='lat' dir='ltr'>iu</span> 
     </span>
     <span class='ocr_line' id='line_1_5' title="bbox 249 817 1336 902; baseline -0.004 -20"><span class='ocrx_word' id='word_1_31' title='bbox 249 821 351 883; x_wconf 79' lang='lat' dir='ltr'>eedem</span> <span class='ocrx_word' id='word_1_32' title='bbox 374 822 478 902; x_wconf 73' lang='lat' dir='ltr'>pagins</span> <span class='ocrx_word' id='word_1_33' title='bbox 494 818 550 878; x_wconf 73' lang='lat' dir='ltr'>sni</span> <span class='ocrx_word' id='word_1_34' title='bbox 565 817 712 877; x_wconf 85' lang='lat' dir='ltr'>contreris</span> <span class='ocrx_word' id='word_1_35' title='bbox 727 817 877 878; x_wconf 84' lang='lat' dir='ltr'>dicturum</span> <span class='ocrx_word' id='word_1_36' title='bbox 894 818 1006 878; x_wconf 69' lang='lat' dir='ltr'>fuisse?</span> <span class='ocrx_word' id='word_1_37' title='bbox 1028 820 1102 896; x_wconf 84' lang='lat' dir='ltr'>iege</span> <span class='ocrx_word' id='word_1_38' title='bbox 1120 838 1185 899; x_wconf 80' lang='lat' dir='ltr'>peg-</span> <span class='ocrx_word' id='word_1_39' title='bbox 1200 825 1272 886; x_wconf 86' lang='grc'><strong>217.</strong></span> <span class='ocrx_word' id='word_1_40' title='bbox 1285 818 1336 880; x_wconf 73' lang='lat' dir='ltr'>A:</span> 
     </span>
    </p>

    <p class='ocr_par' dir='ltr' id='par_1_3' title="bbox 245 900 1338 1508">
     <span class='ocr_line' id='line_1_6' title="bbox 290 900 1338 985; baseline -0.001 -20"><span class='ocrx_word' id='word_1_41' title='bbox 290 907 422 985; x_wconf 87' lang='lat' dir='ltr'>„loscim</span> <span class='ocrx_word' id='word_1_42' title='bbox 441 905 582 963; x_wconf 82' lang='lat' dir='ltr'>suecessit</span> <span class='ocrx_word' id='word_1_43' title='bbox 595 901 682 962; x_wconf 86' lang='lat' dir='ltr'>srstri</span> <span class='ocrx_word' id='word_1_44' title='bbox 697 900 732 961; x_wconf 90' lang='lat' dir='ltr'>A.</span> <span class='ocrx_word' id='word_1_45' title='bbox 746 903 785 962; x_wconf 88' lang='lat' dir='ltr'>M.</span> <span class='ocrx_word' id='word_1_46' title='bbox 799 907 892 969; x_wconf 81' lang='grc'><strong>4888.</strong></span> <span class='ocrx_word' id='word_1_47' title='bbox 933 903 1045 961; x_wconf 73' lang='lat' dir='ltr'>Armes</span> <span class='ocrx_word' id='word_1_48' title='bbox 1058 923 1130 962; x_wconf 82' lang='lat' dir='ltr'>vero</span> <span class='ocrx_word' id='word_1_49' title='bbox 1145 913 1276 982; x_wconf 80' lang='lat' dir='ltr'>qsmrtus</span> <span class='ocrx_word' id='word_1_50' title='bbox 1287 923 1338 964; x_wconf 87' lang='lat' dir='ltr'>re·</span> 
     </span>
     <span class='ocr_line' id='line_1_7' title="bbox 290 985 1337 1071; baseline -0.003 -20"><span class='ocrx_word' id='word_1_51' title='bbox 290 992 343 1070; x_wconf 86' lang='lat' dir='ltr'>gui</span> <span class='ocrx_word' id='word_1_52' title='bbox 356 990 474 1065; x_wconf 83' lang='lat' dir='ltr'>loncisn,</span> <span class='ocrx_word' id='word_1_53' title='bbox 496 987 547 1069; x_wconf 83' lang='lat' dir='ltr'>qui</span> <span class='ocrx_word' id='word_1_54' title='bbox 566 996 611 1045; x_wconf 86' lang='lat' dir='ltr'>est</span> <span class='ocrx_word' id='word_1_55' title='bbox 626 985 659 1046; x_wconf 87' lang='lat' dir='ltr'>A.</span> <span class='ocrx_word' id='word_1_56' title='bbox 672 986 711 1047; x_wconf 88' lang='lat' dir='ltr'>M.</span> <span class='ocrx_word' id='word_1_57' title='bbox 726 988 820 1061; x_wconf 81' lang='lat'>4883,</span> <span class='ocrx_word' id='word_1_58' title='bbox 840 987 956 1071; x_wconf 82' lang='lat' dir='ltr'>primus</span> <span class='ocrx_word' id='word_1_59' title='bbox 973 1007 1068 1049; x_wconf 84' lang='lat' dir='ltr'>eunus</span> <span class='ocrx_word' id='word_1_60' title='bbox 1081 998 1126 1049; x_wconf 88' lang='lat' dir='ltr'>est</span> <span class='ocrx_word' id='word_1_61' title='bbox 1136 987 1337 1049; x_wconf 73' lang='lat' dir='ltr'>Nabuchodo-</span> 
     </span>
     <span class='ocr_line' id='line_1_8' title="bbox 291 1068 697 1154; baseline -0.007 -19"><span class='ocrx_word' id='word_1_62' title='bbox 291 1075 407 1135; x_wconf 85' lang='lat' dir='ltr'>noeoris</span> <span class='ocrx_word' id='word_1_63' title='bbox 422 1074 498 1154; x_wconf 86' lang='lat' dir='ltr'>regis</span> <span class='ocrx_word' id='word_1_64' title='bbox 508 1068 697 1152; x_wconf 79' lang='lat' dir='ltr'>Bebyleuis.”</span> 
     </span>
     <span class='ocr_line' id='line_1_9' title="bbox 247 1159 525 1240; baseline -0.022 -20"><span class='ocrx_word' id='word_1_65' title='bbox 247 1160 287 1221; x_wconf 71' lang='lat' dir='ltr'>Et</span> <span class='ocrx_word' id='word_1_66' title='bbox 302 1178 368 1240; x_wconf 55' lang='grc' dir='ltr'>μς·</span> <span class='ocrx_word' id='word_1_67' title='bbox 384 1164 455 1225; x_wconf 69' lang='lat'><strong>220·</strong></span> <span class='ocrx_word' id='word_1_68' title='bbox 474 1159 525 1218; x_wconf 65' lang='lat' dir='ltr'>Bni</span> 
     </span>
     <span class='ocr_line' id='line_1_10' title="bbox 290 1235 1157 1323; baseline -0.003 -20"><span class='ocrx_word' id='word_1_69' title='bbox 290 1242 583 1319; x_wconf 77' lang='lat' dir='ltr'>„Nabuchodonosor</span> <span class='ocrx_word' id='word_1_70' title='bbox 595 1239 634 1301; x_wconf 82' lang='lat' dir='ltr'>od</span> <span class='ocrx_word' id='word_1_71' title='bbox 648 1260 771 1321; x_wconf 84' lang='lat' dir='ltr'>regnum</span> <span class='ocrx_word' id='word_1_72' title='bbox 783 1235 973 1323; x_wconf 59' lang='lat' dir='ltr'>pervenitJA</span> <span class='ocrx_word' id='word_1_73' title='bbox 989 1238 1028 1300; x_wconf 82' lang='grc' dir='ltr'><strong>Μ</strong></span> <span class='ocrx_word' id='word_1_74' title='bbox 1040 1237 1157 1308; x_wconf 85' lang='grc'><strong>4888.”</strong></span> 
     </span>
     <span class='ocr_line' id='line_1_11' title="bbox 245 1339 1338 1424; baseline 0 -19"><span class='ocrx_word' id='word_1_75' title='bbox 245 1342 288 1405; x_wconf 84' lang='lat' dir='ltr'>lii</span> <span class='ocrx_word' id='word_1_76' title='bbox 305 1344 367 1404; x_wconf 88' lang='lat' dir='ltr'>loci</span> <span class='ocrx_word' id='word_1_77' title='bbox 387 1364 404 1403; x_wconf 82' lang='lat' dir='ltr'>s</span> <span class='ocrx_word' id='word_1_78' title='bbox 420 1342 549 1403; x_wconf 75' lang='lat' dir='ltr'>librariis</span> <span class='ocrx_word' id='word_1_79' title='bbox 562 1342 695 1424; x_wconf 85' lang='lat' dir='ltr'>corrupti</span> <span class='ocrx_word' id='word_1_80' title='bbox 709 1354 797 1419; x_wconf 86' lang='lat' dir='ltr'>sunt,</span> <span class='ocrx_word' id='word_1_81' title='bbox 819 1352 870 1403; x_wconf 89' lang='lat' dir='ltr'>sut</span> <span class='ocrx_word' id='word_1_82' title='bbox 885 1340 960 1403; x_wconf 87' lang='lat' dir='ltr'>nihil</span> <span class='ocrx_word' id='word_1_83' title='bbox 974 1342 1073 1404; x_wconf 83' lang='lat' dir='ltr'>video.</span> <span class='ocrx_word' id='word_1_84' title='bbox 1092 1373 1136 1388; x_wconf 90' lang='lat'><em>-</em></span> <span class='ocrx_word' id='word_1_85' title='bbox 1157 1339 1248 1416; x_wconf 71' lang='lat' dir='ltr'>Queri</span> <span class='ocrx_word' id='word_1_86' title='bbox 1264 1363 1338 1405; x_wconf 83' lang='lat' dir='ltr'>vero</span> 
     </span>
     <span class='ocr_line' id='line_1_12' title="bbox 245 1426 1273 1508; baseline -0.003 -18"><span class='ocrx_word' id='word_1_87' title='bbox 245 1438 283 1490; x_wconf 79' lang='lat' dir='ltr'>stt</span> <span class='ocrx_word' id='word_1_88' title='bbox 294 1428 502 1504; x_wconf 75' lang='lat' dir='ltr'>demonstrem,</span> <span class='ocrx_word' id='word_1_89' title='bbox 522 1428 678 1508; x_wconf 82' lang='lat' dir='ltr'>peululum</span> <span class='ocrx_word' id='word_1_90' title='bbox 693 1429 732 1487; x_wconf 86' lang='lat' dir='ltr'>ml</span> <span class='ocrx_word' id='word_1_91' title='bbox 744 1437 878 1507; x_wconf 82' lang='lat' dir='ltr'>tempore</span> <span class='ocrx_word' id='word_1_92' title='bbox 892 1428 993 1507; x_wconf 80' lang='lat' dir='ltr'>priore</span> <span class='ocrx_word' id='word_1_93' title='bbox 1008 1426 1193 1487; x_wconf 78' lang='lat' dir='ltr'>rederurdusn</span> <span class='ocrx_word' id='word_1_94' title='bbox 1207 1427 1273 1488; x_wconf 84' lang='lat' dir='ltr'>erit.</span> 
     </span>
    </p>
   </div>
   <div class='ocr_carea' id='block_1_3' title="bbox 236 1526 1338 2991">
    <p class='ocr_par' dir='ltr' id='par_1_4' title="bbox 330 1526 1338 1608">
     <span class='ocr_line' id='line_1_13' title="bbox 330 1526 1338 1608; baseline -0.002 -19"><span class='ocrx_word' id='word_1_95' title='bbox 330 1530 397 1607; x_wconf 80' lang='lat' dir='ltr'><strong>l’sg.</strong></span> <span class='ocrx_word' id='word_1_96' title='bbox 420 1533 491 1595; x_wconf 81' lang='lat'><strong>199.</strong></span> <span class='ocrx_word' id='word_1_97' title='bbox 511 1529 546 1592; x_wconf 87' lang='lat' dir='ltr'>D.</span> <span class='ocrx_word' id='word_1_98' title='bbox 569 1528 686 1589; x_wconf 80' lang='lat' dir='ltr'>Ezecies</span> <span class='ocrx_word' id='word_1_99' title='bbox 705 1528 743 1588; x_wconf 81' lang='lat' dir='ltr'>ml</span> <span class='ocrx_word' id='word_1_100' title='bbox 763 1528 918 1608; x_wconf 86' lang='lat' dir='ltr'>imperium</span> <span class='ocrx_word' id='word_1_101' title='bbox 944 1526 1028 1588; x_wconf 76' lang='lat' dir='ltr'>uertit</span> <span class='ocrx_word' id='word_1_102' title='bbox 1048 1528 1083 1587; x_wconf 98' lang='lat' dir='ltr'>A.</span> <span class='ocrx_word' id='word_1_103' title='bbox 1104 1526 1144 1587; x_wconf 88' lang='lat' dir='ltr'>M.</span> <span class='ocrx_word' id='word_1_104' title='bbox 1164 1530 1264 1601; x_wconf 82' lang='grc'><strong>4766,</strong></span> <span class='ocrx_word' id='word_1_105' title='bbox 1284 1548 1338 1587; x_wconf 87' lang='lat' dir='ltr'>re-</span> 
     </span>
    </p>

    <p class='ocr_par' dir='ltr' id='par_1_5' title="bbox 236 1607 1337 2618">
     <span class='ocr_line' id='line_1_14' title="bbox 243 1607 1337 1694; baseline 0 -22"><span class='ocrx_word' id='word_1_106' title='bbox 243 1623 374 1694; x_wconf 75' lang='lat' dir='ltr'>gnstque</span> <span class='ocrx_word' id='word_1_107' title='bbox 394 1633 489 1673; x_wconf 72' lang='lat' dir='ltr'>annos</span> <span class='ocrx_word' id='word_1_108' title='bbox 509 1607 577 1689; x_wconf 74' lang='lat' dir='ltr'>se&#39;,</span> <span class='ocrx_word' id='word_1_109' title='bbox 599 1619 650 1680; x_wconf 82' lang='grc'>29.</span> <span class='ocrx_word' id='word_1_110' title='bbox 671 1645 715 1661; x_wconf 90' lang='lat'>-·</span> <span class='ocrx_word' id='word_1_111' title='bbox 741 1613 780 1672; x_wconf 86' lang='lat' dir='ltr'>Hi</span> <span class='ocrx_word' id='word_1_112' title='bbox 799 1614 870 1672; x_wconf 84' lang='lat' dir='ltr'>enni</span> <span class='ocrx_word' id='word_1_113' title='bbox 889 1612 1007 1693; x_wconf 84' lang='lat' dir='ltr'>imperii</span> <span class='ocrx_word' id='word_1_114' title='bbox 1027 1610 1147 1670; x_wconf 84' lang='lat' dir='ltr'>Ezecise</span> <span class='ocrx_word' id='word_1_115' title='bbox 1166 1632 1234 1670; x_wconf 86' lang='lat' dir='ltr'>cusu</span> <span class='ocrx_word' id='word_1_116' title='bbox 1251 1613 1337 1673; x_wconf 80' lang='lat' dir='ltr'>libris</span> 
     </span>
     <span class='ocr_line' id='line_1_15' title="bbox 243 1695 1337 1776; baseline 0.005 -18"><span class='ocrx_word' id='word_1_117' title='bbox 243 1697 361 1758; x_wconf 86' lang='lat' dir='ltr'>biblieis</span> <span class='ocrx_word' id='word_1_118' title='bbox 381 1697 577 1772; x_wconf 81' lang='lat' dir='ltr'>conveniunt,</span> <span class='ocrx_word' id='word_1_119' title='bbox 598 1697 648 1760; x_wconf 88' lang='lat' dir='ltr'>lv.</span> <span class='ocrx_word' id='word_1_120' title='bbox 667 1698 738 1776; x_wconf 75' lang='lat' dir='ltr'>neg.</span> <span class='ocrx_word' id='word_1_121' title='bbox 758 1701 806 1762; x_wconf 82' lang='lat'><strong>18.</strong></span> <span class='ocrx_word' id='word_1_122' title='bbox 829 1697 923 1773; x_wconf 71' lang='lat'><strong>2511.</strong></span> <span class='ocrx_word' id='word_1_123' title='bbox 944 1695 1086 1776; x_wconf 80' lang='lat' dir='ltr'>Pereieip.</span> <span class='ocrx_word' id='word_1_124' title='bbox 1107 1701 1158 1761; x_wconf 87' lang='grc'>29.</span> <span class='ocrx_word' id='word_1_125' title='bbox 1182 1702 1216 1770; x_wconf 79' lang='lat'>13</span> <span class='ocrx_word' id='word_1_126' title='bbox 1239 1717 1337 1776; x_wconf 76' lang='lat' dir='ltr'>neque</span> 
     </span>
     <span class='ocr_line' id='line_1_16' title="bbox 241 1778 1336 1859; baseline -0.002 -17"><span class='ocrx_word' id='word_1_127' title='bbox 241 1781 293 1843; x_wconf 82' lang='lat' dir='ltr'>isis</span> <span class='ocrx_word' id='word_1_128' title='bbox 312 1783 345 1841; x_wconf 87' lang='lat' dir='ltr'>in</span> <span class='ocrx_word' id='word_1_129' title='bbox 365 1782 440 1842; x_wconf 89' lang='lat' dir='ltr'>loeis</span> <span class='ocrx_word' id='word_1_130' title='bbox 459 1783 520 1842; x_wconf 81' lang='lat' dir='ltr'>ulls</span> <span class='ocrx_word' id='word_1_131' title='bbox 533 1781 616 1840; x_wconf 80' lang='lat' dir='ltr'>veris</span> <span class='ocrx_word' id='word_1_132' title='bbox 628 1783 717 1842; x_wconf 85' lang='lat' dir='ltr'>lectio</span> <span class='ocrx_word' id='word_1_133' title='bbox 735 1802 751 1841; x_wconf 87' lang='lat' dir='ltr'>e</span> <span class='ocrx_word' id='word_1_134' title='bbox 763 1782 916 1841; x_wconf 88' lang='lat' dir='ltr'>codicibus</span> <span class='ocrx_word' id='word_1_135' title='bbox 929 1779 1047 1840; x_wconf 82' lang='lat' dir='ltr'>citetur.</span> <span class='ocrx_word' id='word_1_136' title='bbox 1090 1778 1130 1837; x_wconf 87' lang='lat' dir='ltr'>At</span> <span class='ocrx_word' id='word_1_137' title='bbox 1144 1779 1168 1838; x_wconf 89' lang='lat' dir='ltr'>si</span> <span class='ocrx_word' id='word_1_138' title='bbox 1182 1801 1278 1841; x_wconf 77' lang='lat' dir='ltr'>annos</span> <span class='ocrx_word' id='word_1_139' title='bbox 1293 1787 1336 1859; x_wconf 77' lang='lat'>29</span> 
     </span>
     <span class='ocr_line' id='line_1_17' title="bbox 242 1865 1336 1944; baseline -0.003 -16"><span class='ocrx_word' id='word_1_140' title='bbox 242 1886 314 1928; x_wconf 85' lang='lat' dir='ltr'>eum</span> <span class='ocrx_word' id='word_1_141' title='bbox 327 1867 362 1930; x_wconf 85' lang='lat' dir='ltr'>A.</span> <span class='ocrx_word' id='word_1_142' title='bbox 374 1867 413 1927; x_wconf 90' lang='lat' dir='ltr'>M.</span> <span class='ocrx_word' id='word_1_143' title='bbox 426 1868 508 1931; x_wconf 87' lang='grc'>4766</span> <span class='ocrx_word' id='word_1_144' title='bbox 523 1865 694 1944; x_wconf 77' lang='lat' dir='ltr'>coniungis,</span> <span class='ocrx_word' id='word_1_145' title='bbox 717 1866 832 1943; x_wconf 79' lang='lat' dir='ltr'>colligis</span> <span class='ocrx_word' id='word_1_146' title='bbox 848 1866 940 1931; x_wconf 80' lang='lat'><strong>4795.</strong></span> <span class='ocrx_word' id='word_1_147' title='bbox 953 1896 995 1910; x_wconf 94' lang='lat'>-·</span> <span class='ocrx_word' id='word_1_148' title='bbox 1006 1866 1074 1941; x_wconf 82' lang='lat' dir='ltr'>Peg.</span> <span class='ocrx_word' id='word_1_149' title='bbox 1093 1866 1165 1930; x_wconf 85' lang='grc'><strong>213.</strong></span> <span class='ocrx_word' id='word_1_150' title='bbox 1182 1865 1217 1923; x_wconf 93' lang='lat' dir='ltr'>l).</span> <span class='ocrx_word' id='word_1_151' title='bbox 1236 1876 1336 1925; x_wconf 83' lang='lat' dir='ltr'>eutem</span> 
     </span>
     <span class='ocr_line' id='line_1_18' title="bbox 242 1940 1336 2033; baseline -0.002 -21"><span class='ocrx_word' id='word_1_152' title='bbox 242 1951 389 2027; x_wconf 85' lang='lat' dir='ltr'>Monesse,</span> <span class='ocrx_word' id='word_1_153' title='bbox 411 1948 491 2009; x_wconf 83' lang='lat' dir='ltr'>filius</span> <span class='ocrx_word' id='word_1_154' title='bbox 510 1948 647 2026; x_wconf 82' lang='lat' dir='ltr'>Ezeeise,</span> <span class='ocrx_word' id='word_1_155' title='bbox 668 1949 803 2010; x_wconf 83' lang='lat' dir='ltr'>succedit</span> <span class='ocrx_word' id='word_1_156' title='bbox 820 1950 900 2032; x_wconf 82' lang='lat' dir='ltr'>petri</span> <span class='ocrx_word' id='word_1_157' title='bbox 914 1950 949 2008; x_wconf 95' lang='lat' dir='ltr'>A.</span> <span class='ocrx_word' id='word_1_158' title='bbox 963 1947 1005 2013; x_wconf 87' lang='lat' dir='ltr'>M.</span> <span class='ocrx_word' id='word_1_159' title='bbox 1023 1940 1137 2033; x_wconf 53' lang='lat' dir='ltr'>,riuiffl</span> <span class='ocrx_word' id='word_1_160' title='bbox 1160 1946 1219 2008; x_wconf 74' lang='lat' dir='ltr'>ie.</span> <span class='ocrx_word' id='word_1_161' title='bbox 1235 1951 1336 2017; x_wconf 78' lang='lat'><strong>4792:</strong></span> 
     </span>
     <span class='ocr_line' id='line_1_19' title="bbox 241 2032 1336 2115; baseline -0.003 -19"><span class='ocrx_word' id='word_1_162' title='bbox 241 2034 384 2115; x_wconf 82' lang='lat' dir='ltr'>huncque</span> <span class='ocrx_word' id='word_1_163' title='bbox 403 2054 561 2095; x_wconf 84' lang='lat' dir='ltr'>numerum</span> <span class='ocrx_word' id='word_1_164' title='bbox 573 2051 635 2093; x_wconf 92' lang='lat' dir='ltr'>non</span> <span class='ocrx_word' id='word_1_165' title='bbox 656 2045 830 2115; x_wconf 89' lang='lat' dir='ltr'>corruptum</span> <span class='ocrx_word' id='word_1_166' title='bbox 843 2054 904 2094; x_wconf 77' lang='lat' dir='ltr'>esee</span> <span class='ocrx_word' id='word_1_167' title='bbox 918 2034 1071 2115; x_wconf 84' lang='lat' dir='ltr'>sequentis</span> <span class='ocrx_word' id='word_1_168' title='bbox 1084 2032 1225 2093; x_wconf 71' lang='lat' dir='ltr'>indicent.</span> <span class='ocrx_word' id='word_1_169' title='bbox 1268 2035 1336 2094; x_wconf 80' lang='lat' dir='ltr'>Ms-</span> 
     </span>
     <span class='ocr_line' id='line_1_20' title="bbox 241 2115 1335 2196; baseline -0.002 -16"><span class='ocrx_word' id='word_1_170' title='bbox 241 2139 327 2180; x_wconf 85' lang='lat' dir='ltr'>nssse</span> <span class='ocrx_word' id='word_1_171' title='bbox 339 2120 416 2179; x_wconf 87' lang='lat' dir='ltr'>enim</span> <span class='ocrx_word' id='word_1_172' title='bbox 430 2129 533 2196; x_wconf 80' lang='lat' dir='ltr'>regnet</span> <span class='ocrx_word' id='word_1_173' title='bbox 544 2139 637 2179; x_wconf 82' lang='lat' dir='ltr'>essuos</span> <span class='ocrx_word' id='word_1_174' title='bbox 652 2115 702 2194; x_wconf 80' lang='lat' dir='ltr'>ve&#39;,</span> <span class='ocrx_word' id='word_1_175' title='bbox 717 2122 776 2194; x_wconf 74' lang='lat'>553</span> <span class='ocrx_word' id='word_1_176' title='bbox 797 2128 828 2180; x_wconf 89' lang='lat' dir='ltr'>et</span> <span class='ocrx_word' id='word_1_177' title='bbox 839 2118 968 2179; x_wconf 86' lang='lat' dir='ltr'>Msnsssi</span> <span class='ocrx_word' id='word_1_178' title='bbox 981 2118 1115 2178; x_wconf 85' lang='lat' dir='ltr'>succedit</span> <span class='ocrx_word' id='word_1_179' title='bbox 1124 2118 1224 2195; x_wconf 82' lang='lat' dir='ltr'>Ainos,</span> <span class='ocrx_word' id='word_1_180' title='bbox 1243 2118 1335 2192; x_wconf 81' lang='lat' dir='ltr'>silius,</span> 
     </span>
     <span class='ocr_line' id='line_1_21' title="bbox 240 2198 1334 2285; baseline -0.006 -17"><span class='ocrx_word' id='word_1_181' title='bbox 240 2205 278 2265; x_wconf 78' lang='lat' dir='ltr'>A·</span> <span class='ocrx_word' id='word_1_182' title='bbox 298 2204 336 2262; x_wconf 80' lang='lat' dir='ltr'><strong>M</strong></span> <span class='ocrx_word' id='word_1_183' title='bbox 356 2203 440 2270; x_wconf 75' lang='lat'>4792</span> <span class='ocrx_word' id='word_1_184' title='bbox 459 2206 493 2278; x_wconf 86' lang='grc' dir='ltr'>-Ι-</span> <span class='ocrx_word' id='word_1_185' title='bbox 512 2204 554 2268; x_wconf 82' lang='grc'>65</span> <span class='ocrx_word' id='word_1_186' title='bbox 574 2226 617 2257; x_wconf 85' lang='lat'>=</span> <span class='ocrx_word' id='word_1_187' title='bbox 635 2206 734 2278; x_wconf 84' lang='grc'><strong>4847,</strong></span> <span class='ocrx_word' id='word_1_188' title='bbox 755 2198 860 2285; x_wconf 50' lang='lat' dir='ltr'>,ieonis</span> <span class='ocrx_word' id='word_1_189' title='bbox 881 2236 924 2250; x_wconf 92' lang='lat'><em>-</em></span> <span class='ocrx_word' id='word_1_190' title='bbox 943 2203 1033 2262; x_wconf 86' lang='lat' dir='ltr'>Amos</span> <span class='ocrx_word' id='word_1_191' title='bbox 1049 2212 1256 2280; x_wconf 84' lang='lat' dir='ltr'>regnetennos</span> <span class='ocrx_word' id='word_1_192' title='bbox 1273 2200 1334 2263; x_wconf 79' lang='lat' dir='ltr'>&lt;tuo</span> 
     </span>
     <span class='ocr_line' id='line_1_22' title="bbox 240 2282 1334 2365; baseline -0.001 -19"><span class='ocrx_word' id='word_1_193' title='bbox 240 2288 327 2365; x_wconf 89' lang='lat' dir='ltr'>eique</span> <span class='ocrx_word' id='word_1_194' title='bbox 340 2285 472 2344; x_wconf 76' lang='lat' dir='ltr'>succedit</span> <span class='ocrx_word' id='word_1_195' title='bbox 486 2284 575 2343; x_wconf 85' lang='lat' dir='ltr'>iesios</span> <span class='ocrx_word' id='word_1_196' title='bbox 591 2287 624 2346; x_wconf 70' lang='lat' dir='ltr'><strong>A</strong></span> <span class='ocrx_word' id='word_1_197' title='bbox 637 2284 677 2345; x_wconf 97' lang='lat' dir='ltr'>M.</span> <span class='ocrx_word' id='word_1_198' title='bbox 691 2282 807 2365; x_wconf 54' lang='grc' dir='ltr'>,δωμθζ</span> <span class='ocrx_word' id='word_1_199' title='bbox 829 2288 923 2350; x_wconf 82' lang='grc'><strong>4849.</strong></span> <span class='ocrx_word' id='word_1_200' title='bbox 966 2287 1003 2344; x_wconf 80' lang='lat' dir='ltr'>Et</span> <span class='ocrx_word' id='word_1_201' title='bbox 1018 2287 1109 2344; x_wconf 73' lang='lat' dir='ltr'>iosias</span> <span class='ocrx_word' id='word_1_202' title='bbox 1122 2298 1224 2364; x_wconf 85' lang='lat' dir='ltr'>regnet</span> <span class='ocrx_word' id='word_1_203' title='bbox 1238 2307 1334 2346; x_wconf 79' lang='lat' dir='ltr'>onnes</span> 
     </span>
     <span class='ocr_line' id='line_1_23' title="bbox 240 2369 1334 2449; baseline 0 -21"><span class='ocrx_word' id='word_1_204' title='bbox 240 2374 301 2446; x_wconf 80' lang='lat'>81,</span> <span class='ocrx_word' id='word_1_205' title='bbox 322 2389 391 2448; x_wconf 85' lang='lat' dir='ltr'>ergo</span> <span class='ocrx_word' id='word_1_206' title='bbox 411 2388 503 2447; x_wconf 86' lang='lat' dir='ltr'>usque</span> <span class='ocrx_word' id='word_1_207' title='bbox 524 2369 561 2427; x_wconf 84' lang='lat' dir='ltr'>ml</span> <span class='ocrx_word' id='word_1_208' title='bbox 579 2373 613 2428; x_wconf 88' lang='lat' dir='ltr'>A.</span> <span class='ocrx_word' id='word_1_209' title='bbox 628 2369 669 2429; x_wconf 89' lang='lat' dir='ltr'>M.</span> <span class='ocrx_word' id='word_1_210' title='bbox 684 2371 777 2434; x_wconf 88' lang='grc'><strong>4880.</strong></span> <span class='ocrx_word' id='word_1_211' title='bbox 806 2402 841 2413; x_wconf 90' lang='grc'>-</span> <span class='ocrx_word' id='word_1_212' title='bbox 865 2369 890 2427; x_wconf 91' lang='lat' dir='ltr'>li</span> <span class='ocrx_word' id='word_1_213' title='bbox 905 2369 1037 2443; x_wconf 87' lang='lat' dir='ltr'>numeri,</span> <span class='ocrx_word' id='word_1_214' title='bbox 1059 2388 1134 2446; x_wconf 83' lang='lat' dir='ltr'>quos</span> <span class='ocrx_word' id='word_1_215' title='bbox 1150 2370 1259 2449; x_wconf 75' lang='lat' dir='ltr'>graecis</span> <span class='ocrx_word' id='word_1_216' title='bbox 1277 2372 1334 2430; x_wconf 89' lang='lat' dir='ltr'>lit-</span> 
     </span>
     <span class='ocr_line' id='line_1_24' title="bbox 238 2452 1332 2532; baseline 0.001 -17"><span class='ocrx_word' id='word_1_217' title='bbox 238 2456 311 2515; x_wconf 85' lang='lat' dir='ltr'>teris</span> <span class='ocrx_word' id='word_1_218' title='bbox 325 2453 450 2532; x_wconf 76' lang='lat' dir='ltr'>signiri,</span> <span class='ocrx_word' id='word_1_219' title='bbox 466 2453 498 2511; x_wconf 90' lang='lat' dir='ltr'>in</span> <span class='ocrx_word' id='word_1_220' title='bbox 508 2453 660 2512; x_wconf 71' lang='lat' dir='ltr'>codicibus</span> <span class='ocrx_word' id='word_1_221' title='bbox 673 2452 792 2531; x_wconf 78' lang='lat' dir='ltr'>Georgii</span> <span class='ocrx_word' id='word_1_222' title='bbox 803 2454 957 2532; x_wconf 68' lang='lat' dir='ltr'>leguntur,</span> <span class='ocrx_word' id='word_1_223' title='bbox 979 2452 1012 2512; x_wconf 91' lang='lat' dir='ltr'>iu</span> <span class='ocrx_word' id='word_1_224' title='bbox 1024 2452 1156 2532; x_wconf 79' lang='lat' dir='ltr'>margine</span> <span class='ocrx_word' id='word_1_225' title='bbox 1168 2475 1240 2515; x_wconf 85' lang='lat' dir='ltr'>vere</span> <span class='ocrx_word' id='word_1_226' title='bbox 1256 2475 1332 2518; x_wconf 83' lang='lat' dir='ltr'>cost-</span> 
     </span>
     <span class='ocr_line' id='line_1_25' title="bbox 236 2537 831 2618; baseline -0.002 -18"><span class='ocrx_word' id='word_1_227' title='bbox 236 2549 416 2600; x_wconf 76' lang='lat' dir='ltr'>truentum</span> <span class='ocrx_word' id='word_1_228' title='bbox 433 2538 551 2618; x_wconf 78' lang='lat' dir='ltr'>Georgii</span> <span class='ocrx_word' id='word_1_229' title='bbox 563 2537 607 2598; x_wconf 90' lang='lat' dir='ltr'>sie</span> <span class='ocrx_word' id='word_1_230' title='bbox 622 2538 729 2597; x_wconf 85' lang='lat' dir='ltr'>suuteti</span> <span class='ocrx_word' id='word_1_231' title='bbox 744 2548 831 2600; x_wconf 78' lang='lat' dir='ltr'>eunte</span> 
     </span>
    </p>

    <p class='ocr_par' dir='ltr' id='par_1_6' title="bbox 604 2630 883 2725">
     <span class='ocr_line' id='line_1_26' title="bbox 604 2630 883 2725; baseline -0.004 -23"><span class='ocrx_word' id='word_1_232' title='bbox 604 2632 704 2725; x_wconf 59' lang='lat' dir='ltr'>,dubii</span> <span class='ocrx_word' id='word_1_233' title='bbox 725 2638 758 2698; x_wconf 91' lang='lat' dir='ltr'>in</span> <span class='ocrx_word' id='word_1_234' title='bbox 777 2630 883 2722; x_wconf 61' lang='grc'><strong>8884,</strong></span> 
     </span>
    </p>

    <p class='ocr_par' dir='ltr' id='par_1_7' title="bbox 606 2718 855 2810">
     <span class='ocr_line' id='line_1_27' title="bbox 606 2718 855 2810; baseline 0 -24"><span class='ocrx_word' id='word_1_235' title='bbox 606 2718 704 2810; x_wconf 51' lang='lat' dir='ltr'>‘eunt&#39;</span> <span class='ocrx_word' id='word_1_236' title='bbox 724 2725 757 2783; x_wconf 91' lang='lat' dir='ltr'>in</span> <span class='ocrx_word' id='word_1_237' title='bbox 778 2719 855 2808; x_wconf 69' lang='lat' dir='ltr'>,tov&#39;</span> 
     </span>
    </p>

    <p class='ocr_par' dir='ltr' id='par_1_8' title="bbox 237 2802 1331 2991">
     <span class='ocr_line' id='line_1_28' title="bbox 606 2802 895 2893; baseline 0.007 -23"><span class='ocrx_word' id='word_1_238' title='bbox 606 2803 712 2892; x_wconf 65' lang='lat' dir='ltr'>,ioue&#39;</span> <span class='ocrx_word' id='word_1_239' title='bbox 732 2808 763 2866; x_wconf 90' lang='lat' dir='ltr'>iu</span> <span class='ocrx_word' id='word_1_240' title='bbox 786 2802 895 2893; x_wconf 55' lang='lat' dir='ltr'>giusti.</span> 
     </span>
     <span class='ocr_line' id='line_1_29' title="bbox 237 2907 1331 2991; baseline 0.004 -23"><span class='ocrx_word' id='word_1_241' title='bbox 237 2907 334 2969; x_wconf 86' lang='lat' dir='ltr'>Multo</span> <span class='ocrx_word' id='word_1_242' title='bbox 347 2908 539 2967; x_wconf 81' lang='lat' dir='ltr'>verisimilius</span> <span class='ocrx_word' id='word_1_243' title='bbox 554 2907 685 2984; x_wconf 81' lang='lat' dir='ltr'>videtur,</span> <span class='ocrx_word' id='word_1_244' title='bbox 707 2909 876 2988; x_wconf 79' lang='lat' dir='ltr'>Georgium,</span> <span class='ocrx_word' id='word_1_245' title='bbox 897 2909 942 2970; x_wconf 90' lang='lat' dir='ltr'>uti</span> <span class='ocrx_word' id='word_1_246' title='bbox 956 2909 1084 2991; x_wconf 83' lang='lat' dir='ltr'>seepius,</span> <span class='ocrx_word' id='word_1_247' title='bbox 1105 2917 1211 2970; x_wconf 82' lang='lat' dir='ltr'>contre</span> <span class='ocrx_word' id='word_1_248' title='bbox 1222 2921 1331 2972; x_wconf 85' lang='lat' dir='ltr'>eucte-</span> 
     </span>
    </p>
   </div>
   <div class='ocr_carea' id='block_1_4' title="bbox 235 2988 1460 3072">
    <p class='ocr_par' dir='ltr' id='par_1_9' title="bbox 235 2988 1460 3072">
     <span class='ocr_line' id='line_1_30' title="bbox 235 2988 1460 3072; baseline 0.006 -19"><span class='ocrx_word' id='word_1_249' title='bbox 235 2995 354 3054; x_wconf 82' lang='lat' dir='ltr'>ritstem</span> <span class='ocrx_word' id='word_1_250' title='bbox 368 3002 538 3051; x_wconf 84' lang='lat' dir='ltr'>nestrorum</span> <span class='ocrx_word' id='word_1_251' title='bbox 555 2990 588 3049; x_wconf 86' lang='lat' dir='ltr'>V.</span> <span class='ocrx_word' id='word_1_252' title='bbox 599 2993 634 3054; x_wconf 74' lang='lat' dir='ltr'><strong>t.</strong></span> <span class='ocrx_word' id='word_1_253' title='bbox 652 2992 788 3052; x_wconf 84' lang='lat' dir='ltr'>codicum</span> <span class='ocrx_word' id='word_1_254' title='bbox 802 2995 926 3054; x_wconf 81' lang='lat' dir='ltr'>Ezeeien</span> <span class='ocrx_word' id='word_1_255' title='bbox 942 3016 1002 3054; x_wconf 88' lang='lat' dir='ltr'>non</span> <span class='ocrx_word' id='word_1_256' title='bbox 1018 3014 1112 3053; x_wconf 73' lang='lat' dir='ltr'>annos</span> <span class='ocrx_word' id='word_1_257' title='bbox 1124 2988 1185 3070; x_wconf 74' lang='lat' dir='ltr'>seti&#39;,</span> <span class='ocrx_word' id='word_1_258' title='bbox 1208 2996 1259 3054; x_wconf 85' lang='lat' dir='ltr'>sed</span> <span class='ocrx_word' id='word_1_259' title='bbox 1275 2993 1330 3072; x_wconf 67' lang='grc' dir='ltr'>κέ,</span> <span class='ocrx_word' id='word_1_260' title='bbox 1459 3030 1460 3065; x_wconf 81' lang='grc'>;</span> 
     </span>
    </p>
   </div>
   <div class='ocr_carea' id='block_1_5' title="bbox 234 3076 1329 3243">
    <p class='ocr_par' dir='ltr' id='par_1_10' title="bbox 234 3076 1329 3243">
     <span class='ocr_line' id='line_1_31' title="bbox 236 3076 1329 3158; baseline 0.002 -20"><span class='ocrx_word' id='word_1_261' title='bbox 236 3084 296 3152; x_wconf 79' lang='grc'>26,</span> <span class='ocrx_word' id='word_1_262' title='bbox 310 3086 480 3156; x_wconf 74' lang='lat' dir='ltr'><strong>regnantem</strong></span> <span class='ocrx_word' id='word_1_263' title='bbox 502 3076 613 3135; x_wconf 78' lang='lat' dir='ltr'>iecisse.</span> <span class='ocrx_word' id='word_1_264' title='bbox 655 3078 722 3149; x_wconf 85' lang='lat' dir='ltr'>Quo</span> <span class='ocrx_word' id='word_1_265' title='bbox 738 3099 816 3137; x_wconf 82' lang='lat' dir='ltr'>enno</span> <span class='ocrx_word' id='word_1_266' title='bbox 831 3080 945 3158; x_wconf 81' lang='lat' dir='ltr'>posito,</span> <span class='ocrx_word' id='word_1_267' title='bbox 967 3099 1025 3138; x_wconf 82' lang='lat' dir='ltr'>una</span> <span class='ocrx_word' id='word_1_268' title='bbox 1042 3080 1172 3138; x_wconf 75' lang='lat' dir='ltr'>litterula</span> <span class='ocrx_word' id='word_1_269' title='bbox 1186 3090 1329 3156; x_wconf 84' lang='lat' dir='ltr'>mutetur,</span> 
     </span>
     <span class='ocr_line' id='line_1_32' title="bbox 234 3161 1298 3243; baseline 0.004 -21"><span class='ocrx_word' id='word_1_270' title='bbox 234 3164 389 3242; x_wconf 85' lang='lat' dir='ltr'>omnisque</span> <span class='ocrx_word' id='word_1_271' title='bbox 405 3161 589 3243; x_wconf 75' lang='lat' dir='ltr'>computatio</span> <span class='ocrx_word' id='word_1_272' title='bbox 603 3181 748 3221; x_wconf 77' lang='lat' dir='ltr'>annorum</span> <span class='ocrx_word' id='word_1_273' title='bbox 761 3166 946 3243; x_wconf 73' lang='lat' dir='ltr'>septuaginta</span> <span class='ocrx_word' id='word_1_274' title='bbox 959 3165 1058 3223; x_wconf 89' lang='lat' dir='ltr'>minus</span> <span class='ocrx_word' id='word_1_275' title='bbox 1073 3164 1215 3242; x_wconf 84' lang='lat' dir='ltr'>impedite</span> <span class='ocrx_word' id='word_1_276' title='bbox 1230 3166 1298 3226; x_wconf 76' lang='lat' dir='ltr'>erit.</span> 
     </span>
    </p>
   </div>
   <div class='ocr_carea' id='block_1_6' title="bbox 233 3259 1328 3937">
    <p class='ocr_par' dir='ltr' id='par_1_11' title="bbox 233 3259 1328 3937">
     <span class='ocr_line' id='line_1_33' title="bbox 319 3259 1328 3351; baseline -0.001 -28"><span class='ocrx_word' id='word_1_277' title='bbox 319 3263 359 3323; x_wconf 85' lang='lat' dir='ltr'>At</span> <span class='ocrx_word' id='word_1_278' title='bbox 380 3282 447 3343; x_wconf 84' lang='lat' dir='ltr'><strong>pug.</strong></span> <span class='ocrx_word' id='word_1_279' title='bbox 468 3267 539 3329; x_wconf 80' lang='lat'><strong>217.</strong></span> <span class='ocrx_word' id='word_1_280' title='bbox 561 3260 683 3321; x_wconf 79' lang='lat' dir='ltr'>Eiiecim</span> <span class='ocrx_word' id='word_1_281' title='bbox 703 3263 836 3322; x_wconf 88' lang='lat' dir='ltr'>succedit</span> <span class='ocrx_word' id='word_1_282' title='bbox 851 3265 883 3323; x_wconf 88' lang='lat' dir='ltr'>A.</span> <span class='ocrx_word' id='word_1_283' title='bbox 897 3266 934 3324; x_wconf 92' lang='lat' dir='ltr'>M.</span> <span class='ocrx_word' id='word_1_284' title='bbox 951 3259 1061 3351; x_wconf 51' lang='lat' dir='ltr'>,iungi</span> <span class='ocrx_word' id='word_1_285' title='bbox 1091 3265 1194 3327; x_wconf 86' lang='lat' dir='ltr'>Video.</span> <span class='ocrx_word' id='word_1_286' title='bbox 1227 3268 1328 3339; x_wconf 88' lang='lat' dir='ltr'>Quum</span> 
     </span>
     <span class='ocr_line' id='line_1_34' title="bbox 235 3346 1328 3428; baseline 0.001 -23"><span class='ocrx_word' id='word_1_287' title='bbox 235 3366 307 3405; x_wconf 82' lang='lat' dir='ltr'>vero</span> <span class='ocrx_word' id='word_1_288' title='bbox 328 3347 432 3423; x_wconf 87' lang='lat' dir='ltr'>losius,</span> <span class='ocrx_word' id='word_1_289' title='bbox 453 3358 538 3428; x_wconf 82' lang='lat' dir='ltr'>peter</span> <span class='ocrx_word' id='word_1_290' title='bbox 556 3346 695 3422; x_wconf 80' lang='lat' dir='ltr'>Eiiecisn,</span> <span class='ocrx_word' id='word_1_291' title='bbox 719 3348 752 3409; x_wconf 90' lang='lat' dir='ltr'><strong>A.</strong></span> <span class='ocrx_word' id='word_1_292' title='bbox 774 3348 814 3408; x_wconf 92' lang='grc' dir='ltr'>Μ.</span> <span class='ocrx_word' id='word_1_293' title='bbox 836 3349 919 3413; x_wconf 90' lang='grc'><strong>4880</strong></span> <span class='ocrx_word' id='word_1_294' title='bbox 940 3360 1075 3410; x_wconf 86' lang='lat' dir='ltr'>mortuus</span> <span class='ocrx_word' id='word_1_295' title='bbox 1099 3359 1161 3426; x_wconf 79' lang='lat' dir='ltr'>est,</span> <span class='ocrx_word' id='word_1_296' title='bbox 1182 3359 1214 3411; x_wconf 87' lang='lat' dir='ltr'>et</span> <span class='ocrx_word' id='word_1_297' title='bbox 1237 3353 1328 3409; x_wconf 81' lang='lat' dir='ltr'>freter</span> 
     </span>
     <span class='ocr_line' id='line_1_35' title="bbox 234 3429 1327 3513; baseline -0.002 -22"><span class='ocrx_word' id='word_1_298' title='bbox 234 3429 378 3508; x_wconf 75' lang='lat' dir='ltr'>liiieeim,</span> <span class='ocrx_word' id='word_1_299' title='bbox 401 3429 528 3492; x_wconf 77' lang='lat' dir='ltr'>lesches</span> <span class='ocrx_word' id='word_1_300' title='bbox 554 3443 614 3491; x_wconf 83' lang='lat' dir='ltr'>tres</span> <span class='ocrx_word' id='word_1_301' title='bbox 634 3441 749 3492; x_wconf 82' lang='lat' dir='ltr'>tentum</span> <span class='ocrx_word' id='word_1_302' title='bbox 774 3454 886 3490; x_wconf 75' lang='lat' dir='ltr'>irienses</span> <span class='ocrx_word' id='word_1_303' title='bbox 902 3435 1053 3513; x_wconf 73' lang='lat' dir='ltr'>regnavit3</span> <span class='ocrx_word' id='word_1_304' title='bbox 1076 3454 1193 3494; x_wconf 74' lang='lat' dir='ltr'>necesse</span> <span class='ocrx_word' id='word_1_305' title='bbox 1209 3445 1270 3502; x_wconf 87' lang='lat' dir='ltr'>ost,</span> <span class='ocrx_word' id='word_1_306' title='bbox 1292 3442 1327 3490; x_wconf 89' lang='lat' dir='ltr'>ut</span> 
     </span>
     <span class='ocr_line' id='line_1_36' title="bbox 234 3514 1325 3598; baseline 0.006 -22"><span class='ocrx_word' id='word_1_307' title='bbox 234 3514 359 3576; x_wconf 79' lang='lat' dir='ltr'>Eiiecim</span> <span class='ocrx_word' id='word_1_308' title='bbox 376 3517 478 3575; x_wconf 89' lang='lat' dir='ltr'>eodem</span> <span class='ocrx_word' id='word_1_309' title='bbox 499 3537 593 3591; x_wconf 83' lang='lat' dir='ltr'>enno,</span> <span class='ocrx_word' id='word_1_310' title='bbox 614 3537 673 3595; x_wconf 91' lang='lat' dir='ltr'>quo</span> <span class='ocrx_word' id='word_1_311' title='bbox 688 3527 772 3598; x_wconf 79' lang='lat' dir='ltr'>peter</span> <span class='ocrx_word' id='word_1_312' title='bbox 787 3527 922 3578; x_wconf 86' lang='lat' dir='ltr'>mortuus</span> <span class='ocrx_word' id='word_1_313' title='bbox 937 3530 998 3594; x_wconf 89' lang='lat' dir='ltr'>est,</span> <span class='ocrx_word' id='word_1_314' title='bbox 1020 3518 1040 3578; x_wconf 90' lang='lat' dir='ltr'><strong>i.</strong></span> <span class='ocrx_word' id='word_1_315' title='bbox 1054 3539 1079 3581; x_wconf 92' lang='lat' dir='ltr'>e.</span> <span class='ocrx_word' id='word_1_316' title='bbox 1094 3521 1129 3580; x_wconf 96' lang='lat' dir='ltr'><strong>A.</strong></span> <span class='ocrx_word' id='word_1_317' title='bbox 1143 3520 1181 3577; x_wconf 87' lang='grc' dir='ltr'><strong>Μ.</strong></span> <span class='ocrx_word' id='word_1_318' title='bbox 1198 3520 1281 3582; x_wconf 90' lang='grc'><strong>4880</strong></span> <span class='ocrx_word' id='word_1_319' title='bbox 1294 3517 1325 3573; x_wconf 67' lang='lat'>5¹¹</span> 
     </span>
     <span class='ocr_line' id='line_1_37' title="bbox 234 3594 1325 3688; baseline 0.004 -30"><span class='ocrx_word' id='word_1_320' title='bbox 234 3618 357 3677; x_wconf 83' lang='lat' dir='ltr'>regnum</span> <span class='ocrx_word' id='word_1_321' title='bbox 381 3603 563 3661; x_wconf 66' lang='lat' dir='ltr'>successerit.</span> <span class='ocrx_word' id='word_1_322' title='bbox 609 3602 677 3661; x_wconf 73' lang='lat' dir='ltr'>nete</span> <span class='ocrx_word' id='word_1_323' title='bbox 700 3602 791 3678; x_wconf 85' lang='lat' dir='ltr'>igitur</span> <span class='ocrx_word' id='word_1_324' title='bbox 811 3621 926 3662; x_wconf 87' lang='lat' dir='ltr'>mecum</span> <span class='ocrx_word' id='word_1_325' title='bbox 946 3600 979 3666; x_wconf 82' lang='grc' dir='ltr'>τὸ</span> <span class='ocrx_word' id='word_1_326' title='bbox 994 3598 1030 3688; x_wconf 73' lang='grc' dir='ltr'>γ’,</span> <span class='ocrx_word' id='word_1_327' title='bbox 1051 3615 1081 3663; x_wconf 89' lang='lat' dir='ltr'>et</span> <span class='ocrx_word' id='word_1_328' title='bbox 1098 3603 1210 3662; x_wconf 83' lang='lat' dir='ltr'>scribe:</span> <span class='ocrx_word' id='word_1_329' title='bbox 1232 3594 1325 3683; x_wconf 61' lang='lat' dir='ltr'>,6me</span> 
     </span>
     <span class='ocr_line' id='line_1_38' title="bbox 233 3682 1326 3766; baseline 0.005 -23"><span class='ocrx_word' id='word_1_330' title='bbox 233 3686 309 3746; x_wconf 82' lang='lat' dir='ltr'>Mem</span> <span class='ocrx_word' id='word_1_331' title='bbox 324 3684 349 3743; x_wconf 92' lang='lat' dir='ltr'>si</span> <span class='ocrx_word' id='word_1_332' title='bbox 362 3682 398 3743; x_wconf 81' lang='lat' dir='ltr'>A.</span> <span class='ocrx_word' id='word_1_333' title='bbox 410 3684 450 3742; x_wconf 89' lang='lat' dir='ltr'>M.</span> <span class='ocrx_word' id='word_1_334' title='bbox 462 3688 546 3751; x_wconf 87' lang='grc'><strong>4880</strong></span> <span class='ocrx_word' id='word_1_335' title='bbox 558 3687 690 3766; x_wconf 83' lang='lat' dir='ltr'>primum</span> <span class='ocrx_word' id='word_1_336' title='bbox 707 3687 831 3748; x_wconf 82' lang='lat' dir='ltr'>Eiieeim</span> <span class='ocrx_word' id='word_1_337' title='bbox 845 3690 1059 3765; x_wconf 73' lang='lat' dir='ltr'>numeraveris,</span> <span class='ocrx_word' id='word_1_338' title='bbox 1080 3697 1124 3747; x_wconf 86' lang='lat' dir='ltr'>est</span> <span class='ocrx_word' id='word_1_339' title='bbox 1139 3688 1172 3745; x_wconf 87' lang='lat' dir='ltr'>A.</span> <span class='ocrx_word' id='word_1_340' title='bbox 1188 3684 1225 3742; x_wconf 89' lang='lat' dir='ltr'>M.</span> <span class='ocrx_word' id='word_1_341' title='bbox 1240 3686 1326 3749; x_wconf 68' lang='grc'><strong>4888</strong></span> 
     </span>
     <span class='ocr_line' id='line_1_39' title="bbox 233 3766 1326 3852; baseline -0.005 -20"><span class='ocrx_word' id='word_1_342' title='bbox 233 3768 300 3844; x_wconf 77' lang='lat' dir='ltr'>ime</span> <span class='ocrx_word' id='word_1_343' title='bbox 311 3767 448 3849; x_wconf 69' lang='grc' dir='ltr'>τέταρτον</span> <span class='ocrx_word' id='word_1_344' title='bbox 461 3768 561 3842; x_wconf 66' lang='lat' dir='ltr'>imme</span> <span class='ocrx_word' id='word_1_345' title='bbox 572 3766 713 3852; x_wconf 71' lang='grc' dir='ltr'>Ἰωακείμ,</span> <span class='ocrx_word' id='word_1_346' title='bbox 734 3792 831 3832; x_wconf 75' lang='lat' dir='ltr'>seruus</span> <span class='ocrx_word' id='word_1_347' title='bbox 844 3782 964 3852; x_wconf 84' lang='lat' dir='ltr'>qusrtus</span> <span class='ocrx_word' id='word_1_348' title='bbox 979 3774 1125 3852; x_wconf 87' lang='lat' dir='ltr'>incipiens</span> <span class='ocrx_word' id='word_1_349' title='bbox 1137 3769 1255 3841; x_wconf 83' lang='lat' dir='ltr'>ioeeim,</span> <span class='ocrx_word' id='word_1_350' title='bbox 1278 3769 1326 3826; x_wconf 89' lang='lat' dir='ltr'>uti</span> 
     </span>
     <span class='ocr_line' id='line_1_40' title="bbox 233 3852 1326 3937; baseline -0.004 -22"><span class='ocrx_word' id='word_1_351' title='bbox 233 3853 267 3915; x_wconf 88' lang='lat' dir='ltr'>in</span> <span class='ocrx_word' id='word_1_352' title='bbox 281 3854 384 3914; x_wconf 84' lang='lat' dir='ltr'>eedem</span> <span class='ocrx_word' id='word_1_353' title='bbox 395 3873 460 3933; x_wconf 79' lang='lat' dir='ltr'>peg-</span> <span class='ocrx_word' id='word_1_354' title='bbox 471 3859 541 3920; x_wconf 86' lang='grc'><strong>217.</strong></span> <span class='ocrx_word' id='word_1_355' title='bbox 551 3855 596 3914; x_wconf 85' lang='lat' dir='ltr'>bis</span> <span class='ocrx_word' id='word_1_356' title='bbox 610 3858 643 3919; x_wconf 89' lang='lat' dir='ltr'>A.</span> <span class='ocrx_word' id='word_1_357' title='bbox 660 3867 690 3916; x_wconf 87' lang='lat' dir='ltr'>et</span> <span class='ocrx_word' id='word_1_358' title='bbox 706 3858 738 3919; x_wconf 87' lang='grc' dir='ltr'>Ι).</span> <span class='ocrx_word' id='word_1_359' title='bbox 755 3858 908 3937; x_wconf 84' lang='lat' dir='ltr'>repetitur.</span> <span class='ocrx_word' id='word_1_360' title='bbox 949 3859 1094 3918; x_wconf 87' lang='lat' dir='ltr'>Numerus</span> <span class='ocrx_word' id='word_1_361' title='bbox 1106 3874 1176 3912; x_wconf 82' lang='lat' dir='ltr'>vcro</span> <span class='ocrx_word' id='word_1_362' title='bbox 1189 3852 1269 3911; x_wconf 72' lang='lat' dir='ltr'>ittet</span> <span class='ocrx_word' id='word_1_363' title='bbox 1285 3853 1326 3911; x_wconf 87' lang='lat' dir='ltr'>ti-</span> 
     </span>
    </p>
   </div>
   <div class='ocr_carea' id='block_1_7' title="bbox 233 3935 1456 4022">
    <p class='ocr_par' dir='ltr' id='par_1_12' title="bbox 233 3935 1456 4022">
     <span class='ocr_line' id='line_1_41' title="bbox 233 3935 1456 4022; baseline 0.001 -26"><span class='ocrx_word' id='word_1_364' title='bbox 233 3937 332 3999; x_wconf 81' lang='lat' dir='ltr'>brerio</span> <span class='ocrx_word' id='word_1_365' title='bbox 350 3947 404 3998; x_wconf 83' lang='lat' dir='ltr'>sut</span> <span class='ocrx_word' id='word_1_366' title='bbox 429 3937 498 3996; x_wconf 89' lang='lat' dir='ltr'>inde</span> <span class='ocrx_word' id='word_1_367' title='bbox 516 3939 664 3999; x_wconf 85' lang='lat' dir='ltr'>collectus</span> <span class='ocrx_word' id='word_1_368' title='bbox 686 3952 750 4015; x_wconf 85' lang='lat' dir='ltr'>est,</span> <span class='ocrx_word' id='word_1_369' title='bbox 771 3944 850 4022; x_wconf 82' lang='lat' dir='ltr'>quod</span> <span class='ocrx_word' id='word_1_370' title='bbox 864 3943 979 4021; x_wconf 88' lang='lat' dir='ltr'>signum</span> <span class='ocrx_word' id='word_1_371' title='bbox 996 3942 1104 4002; x_wconf 72' lang='lat' dir='ltr'>trieries</span> <span class='ocrx_word' id='word_1_372' title='bbox 1121 3938 1152 3995; x_wconf 86' lang='lat' dir='ltr'>in</span> <span class='ocrx_word' id='word_1_373' title='bbox 1169 3935 1254 3996; x_wconf 86' lang='lat' dir='ltr'>lineis</span> <span class='ocrx_word' id='word_1_374' title='bbox 1266 3958 1326 3997; x_wconf 86' lang='lat' dir='ltr'>en·</span> <span class='ocrx_word' id='word_1_375' title='bbox 1455 3946 1456 3951; x_wconf 76' lang='grc'>’</span> 
     </span>
    </p>
   </div>
   <div class='ocr_carea' id='block_1_8' title="bbox 230 4022 1326 4435">
    <p class='ocr_par' dir='ltr' id='par_1_13' title="bbox 230 4022 1326 4435">
     <span class='ocr_line' id='line_1_42' title="bbox 232 4022 1325 4103; baseline 0.002 -22"><span class='ocrx_word' id='word_1_376' title='bbox 232 4023 435 4084; x_wconf 74' lang='lat' dir='ltr'>secedentibus</span> <span class='ocrx_word' id='word_1_377' title='bbox 447 4022 545 4082; x_wconf 87' lang='lat' dir='ltr'>obiter</span> <span class='ocrx_word' id='word_1_378' title='bbox 557 4023 684 4103; x_wconf 77' lang='lat' dir='ltr'>videret,</span> <span class='ocrx_word' id='word_1_379' title='bbox 705 4046 767 4086; x_wconf 85' lang='lat' dir='ltr'>non</span> <span class='ocrx_word' id='word_1_380' title='bbox 780 4028 1028 4099; x_wconf 74' lang='lat' dir='ltr'>animadvertens,</span> <span class='ocrx_word' id='word_1_381' title='bbox 1049 4034 1110 4082; x_wconf 82' lang='lat' dir='ltr'>tres</span> <span class='ocrx_word' id='word_1_382' title='bbox 1124 4039 1186 4080; x_wconf 88' lang='lat' dir='ltr'>esse</span> <span class='ocrx_word' id='word_1_383' title='bbox 1201 4042 1325 4099; x_wconf 87' lang='lat' dir='ltr'>menses,</span> 
     </span>
     <span class='ocr_line' id='line_1_43' title="bbox 230 4106 1326 4191; baseline -0.004 -21"><span class='ocrx_word' id='word_1_384' title='bbox 230 4127 294 4170; x_wconf 84' lang='lat' dir='ltr'>uon</span> <span class='ocrx_word' id='word_1_385' title='bbox 315 4130 426 4185; x_wconf 80' lang='lat' dir='ltr'>ennoe3</span> <span class='ocrx_word' id='word_1_386' title='bbox 448 4116 500 4168; x_wconf 84' lang='lat' dir='ltr'>sut</span> <span class='ocrx_word' id='word_1_387' title='bbox 519 4106 617 4187; x_wconf 88' lang='lat' dir='ltr'>qued,</span> <span class='ocrx_word' id='word_1_388' title='bbox 639 4106 672 4168; x_wconf 89' lang='lat' dir='ltr'>in</span> <span class='ocrx_word' id='word_1_389' title='bbox 696 4111 782 4171; x_wconf 88' lang='lat' dir='ltr'>lineis</span> <span class='ocrx_word' id='word_1_390' title='bbox 802 4111 993 4191; x_wconf 80' lang='lat' dir='ltr'>sequentibus</span> <span class='ocrx_word' id='word_1_391' title='bbox 1014 4126 1138 4166; x_wconf 79' lang='lat' dir='ltr'>numeru</span> <span class='ocrx_word' id='word_1_392' title='bbox 1149 4107 1233 4174; x_wconf 84' lang='grc'><strong>4888</strong></span> <span class='ocrx_word' id='word_1_393' title='bbox 1249 4109 1326 4179; x_wconf 81' lang='lat' dir='ltr'>vise,</span> 
     </span>
     <span class='ocr_line' id='line_1_44' title="bbox 231 4191 1326 4271; baseline 0 -21"><span class='ocrx_word' id='word_1_394' title='bbox 231 4193 332 4251; x_wconf 85' lang='lat' dir='ltr'>snimo</span> <span class='ocrx_word' id='word_1_395' title='bbox 343 4193 500 4271; x_wconf 84' lang='lat' dir='ltr'>negligenti</span> <span class='ocrx_word' id='word_1_396' title='bbox 515 4212 653 4251; x_wconf 86' lang='lat' dir='ltr'>numeros</span> <span class='ocrx_word' id='word_1_397' title='bbox 668 4197 872 4257; x_wconf 73' lang='lat' dir='ltr'>commutavit.</span> <span class='ocrx_word' id='word_1_398' title='bbox 912 4195 978 4255; x_wconf 82' lang='lat' dir='ltr'>Hoc</span> <span class='ocrx_word' id='word_1_399' title='bbox 990 4192 1081 4270; x_wconf 86' lang='lat' dir='ltr'>igitur</span> <span class='ocrx_word' id='word_1_400' title='bbox 1095 4200 1174 4252; x_wconf 81' lang='lat' dir='ltr'>itere</span> <span class='ocrx_word' id='word_1_401' title='bbox 1189 4191 1259 4251; x_wconf 86' lang='lat' dir='ltr'>mihi</span> <span class='ocrx_word' id='word_1_402' title='bbox 1273 4192 1326 4251; x_wconf 82' lang='lat' dir='ltr'>vi-</span> 
     </span>
     <span class='ocr_line' id='line_1_45' title="bbox 230 4275 1325 4360; baseline -0.001 -26"><span class='ocrx_word' id='word_1_403' title='bbox 230 4275 336 4337; x_wconf 81' lang='lat' dir='ltr'>detur:</span> <span class='ocrx_word' id='word_1_404' title='bbox 357 4280 493 4338; x_wconf 72' lang='lat' dir='ltr'>Etieeim</span> <span class='ocrx_word' id='word_1_405' title='bbox 511 4278 552 4339; x_wconf 83' lang='lat' dir='ltr'>A.</span> <span class='ocrx_word' id='word_1_406' title='bbox 577 4278 620 4337; x_wconf 82' lang='lat' dir='ltr'>M.</span> <span class='ocrx_word' id='word_1_407' title='bbox 643 4277 728 4348; x_wconf 86' lang='grc'><strong>4880</strong></span> <span class='ocrx_word' id='word_1_408' title='bbox 747 4279 897 4357; x_wconf 76' lang='lat' dir='ltr'>succedit,</span> <span class='ocrx_word' id='word_1_409' title='bbox 924 4288 955 4341; x_wconf 92' lang='lat' dir='ltr'>et</span> <span class='ocrx_word' id='word_1_410' title='bbox 973 4287 1104 4360; x_wconf 75' lang='lat' dir='ltr'>quartus</span> <span class='ocrx_word' id='word_1_411' title='bbox 1121 4298 1224 4339; x_wconf 77' lang='lat' dir='ltr'>aimus</span> <span class='ocrx_word' id='word_1_412' title='bbox 1238 4279 1325 4357; x_wconf 77' lang='lat' dir='ltr'>regns·</span> 
     </span>
     <span class='ocr_line' id='line_1_46' title="bbox 230 4352 644 4435; baseline 0.007 -10"><span class='ocrx_word' id='word_1_413' title='bbox 230 4363 365 4425; x_wconf 76' lang='lat' dir='ltr'>Eltacim</span> <span class='ocrx_word' id='word_1_414' title='bbox 380 4374 424 4424; x_wconf 76' lang='lat' dir='ltr'>est</span> <span class='ocrx_word' id='word_1_415' title='bbox 438 4365 479 4428; x_wconf 82' lang='lat' dir='ltr'>A.</span> <span class='ocrx_word' id='word_1_416' title='bbox 497 4352 539 4427; x_wconf 74' lang='lat' dir='ltr'><strong>AI.</strong></span> <span class='ocrx_word' id='word_1_417' title='bbox 553 4362 644 4435; x_wconf 84' lang='grc'><strong>4883.</strong></span> 
     </span>
    </p>
   </div>
   <div class='ocr_carea' id='block_1_9' title="bbox 0 0 1478 4996">
    <p class='ocr_par' dir='ltr' id='par_1_14' title="bbox 0 0 1478 4996">
     <span class='ocr_line' id='line_1_47' title="bbox 0 0 1478 4996; baseline 0 7"><span class='ocrx_word' id='word_1_418' title='bbox 0 0 1478 4996; x_wconf 95' lang='lat' dir='ltr'> </span> 
     </span>
    </p>
   </div>
  </div>
 </body>
</html>
