3288 4990
494 377 572 450 282
849 379 1033 451 GEORGII
1051 377 1260 450 SYNCELLI

498 548 564 599 tuta
574 536 715 616 dignitate
728 537 861 618 quinque
873 557 964 619 supro
974 535 1090 616 viginti,
1100 534 1241 617 Martyrio
1254 534 1403 598 sublatum
1409 541 1567 600 reseremus

498 623 691 684 animadverti
706 623 812 702 pagina
836 626 907 689 839.
930 624 964 687 D.
989 642 1026 682 ex
1046 642 1105 702 quo
1126 621 1189 681 eius
1206 622 1240 681 iu
1256 621 1364 682 Urbem
1376 623 1568 682 adventasset

495 706 690 769 Pontificatus
705 707 864 785 primordia
879 707 1069 786 invulgarem
1081 705 1208 766 amuudi
1219 706 1567 775 conumsottactmai

495 791 587 852 natali
602 792 652 857 41.
662 791 778 850 Claudii
788 792 960 872 imperantis
972 810 1083 850 ensium
1095 791 1260 851 secundum
1273 812 1291 849 a
1303 811 1350 851 me
1361 792 1495 851 coniecta
1508 812 1567 871 pro·

495 877 593 951 habit,
615 876 667 954 qui
677 885 825 955 receptam
840 875 1094 949 chronologorum
1109 875 1146 934 de
1158 877 1237 935 Petri
1256 876 1340 935 armis
1357 886 1385 936 et
1402 875 1568 935 l'outilieatu

495 960 670 1020 sententiam
685 961 775 1019 suerit
789 970 939 1039 sequutus.
980 960 1054 1019 b'ixs
1069 958 1150 1019 Petri
1161 958 1273 1039 epocha
1290 960 1399 1040 reliqui
1417 960 1568 1020 sucosdmt

494 1043 621 1105 Romani
631 1044 788 1104 Antistitcs
804 1046 845 1104 ad
856 1046 957 1104 Caium
971 1064 1079 1123 usque,
1102 1044 1186 1102 cuius
1198 1065 1294 1104 anrrue
1313 1047 1464 1125 septimus,
1484 1042 1568 1105 uthis

494 1129 528 1189 in
548 1129 652 1188 mundi
670 1132 761 1196 5777.
778 1139 808 1189 st
827 1129 937 1190 Christi
950 1135 1021 1196 177.
1039 1129 1169 1187 incidere
1183 1127 1433 1208 deprehenditur3
1456 1129 1493 1189 ad
1505 1149 1568 1188 euu-

494 1214 562 1275 dem
585 1213 697 1291 pariter
716 1215 863 1274 devinciri
884 1212 1034 1293 comperio
1053 1213 1086 1272 in
1100 1211 1288 1292 'l'lrcoplmnis
1304 1212 1501 1293 Chronologia
1515 1222 1567 1273 sss·

494 1302 550 1358 tim
564 1298 618 1356 suh
631 1297 750 1356 limine:
771 1309 860 1376 atque
878 1298 921 1357 ita
938 1307 973 1357 ut
984 1297 1218 1358 continuatorem
1227 1296 1439 1376 Theophanem
1453 1298 1567 1376 Georgia

493 1382 634 1461 syncello
662 1384 845 1459 praecessori
880 1382 1009 1442 strictim
1034 1381 1210 1459 adhaerere,
1247 1384 1289 1441 sie
1307 1384 1427 1460 Georgii
1450 1383 1568 1443 tabulam

493 1466 582 1526 istam
598 1465 635 1524 ab
648 1465 738 1524 huius
751 1476 781 1526 ct
794 1465 982 1546 Theophanis
1008 1476 1148 1547 computu
1164 1486 1226 1527 neu
1246 1466 1398 1527 deflexisse
1420 1468 1568 1528 arbitratus

494 1570 572 1611 sum.
612 1550 786 1610 Antiochiae
801 1550 1254 1632 etdlexandriaeEpiseoperum
1268 1550 1410 1632 epocham
1423 1552 1457 1610 in
1469 1569 1569 1609 annum

494 1633 931 1799 tumr‘ttrttr
945 1636 1569 1800 rrtmtrmttntrm

491 1805 609 1886 nologis
631 1804 697 1864 ahie
718 1805 925 1884 consignatum
947 1807 1107 1885 eademque
1126 1805 1169 1865 ita
1189 1804 1303 1883 desua,
1324 1816 1370 1882 et,
1391 1815 1428 1865 ut
1438 1815 1523 1865 uotae
1537 1801 1570 1860 ad

492 1909 560 1971 pag.
580 1889 651 1955 334.
672 1890 865 1966 confirmant,
887 1890 972 1950 aunis
988 1895 1036 1955 16.
1052 1890 1153 1949 Marco
1166 1890 1332 1968 attributis,
1353 1889 1492 1950 Thaenae
1505 1888 1569 1948 dle·

492 1972 634 2033 xandrini
652 1973 797 2054 Episcopi·
814 1994 910 2034 eunus
930 1973 1103 2036 undecimus
1124 1993 1244 2034 rursum
1265 1975 1300 2033 in
1315 1974 1420 2034 mundi
1439 1976 1526 2041 6777.
1543 1978 1569 2029 et

492 2056 604 2117 Christi
614 2063 686 2124 277.
700 2058 949 2138 quemadmodum
961 2058 994 2118 in
1005 2059 1125 2117 Canens
1139 2058 1297 2137 praesenti,
1312 2059 1357 2118 eie
1370 2058 1404 2118 in
1419 2055 1570 2138 'lbeopba-

491 2141 540 2200 nis
561 2140 757 2219 Chronotogia
772 2163 951 2204 concurrere
963 2140 1080 2222 legitur.
1122 2143 1168 2202 Ao
1180 2143 1314 2223 Tyranni
1333 2143 1453 2222 quidem
1470 2140 1569 2201 datie-

492 2224 610 2284 chamis
624 2227 790 2305 Pontificio,
812 2229 878 2309 (qui
892 2228 1039 2307 cyrillum
1053 2226 1183 2306 excepit)
1199 2247 1295 2288 annue
1311 2229 1470 2301 secundus,
1488 2232 1569 2307 prout

491 2309 525 2368 in
540 2308 728 2389 Theophanis
749 2312 836 2372 toties
857 2314 1014 2392 repetitum
1036 2312 1143 2372 mundi
1163 2316 1255 2380 6777.
1276 2321 1307 2372 et
1321 2312 1431 2373 Christi
1448 2316 1515 2378 277.
1534 2307 1568 2366 ad

491 2392 619 2456 eundem
629 2394 750 2453 modum
764 2416 803 2454 ex
820 2397 938 2474 Georgii
952 2396 1150 2474 Chronelogia
1166 2396 1221 2455 sihi
1236 2397 1356 2456 deberet
1370 2396 1505 2463 comitem
1522 2411 1567 2450 as·

492 2478 617 2538 eiecere:
640 2487 669 2550 et
690 2478 864 2556 adiungeret
884 2499 970 2550 saue,
990 2480 1047 2538 nisi
1064 2479 1176 2538 Euodiu
1197 2481 1315 2539 Petrum
1338 2481 1371 2537 in
1385 2472 1567 2539 Antiochensi

489 2564 560 2623 sede
573 2571 700 2642 sequute
712 2582 805 2622 anuos
819 2583 872 2622 sex
889 2563 1017 2639 integros
1030 2573 1147 2644 praeter
1161 2562 1284 2638 debitos,
1304 2581 1416 2622 norem
1429 2572 1460 2621 ct
1472 2559 1566 2639 viginti

488 2647 648 2723 nimirum,
670 2647 762 2706 trium
780 2658 810 2707 et
829 2647 938 2724 viginti
954 2648 1033 2721 viee,
1056 2647 1284 2724 Dominorero,
1304 2648 1354 2707 vel
1370 2648 1501 2723 homno,
1519 2644 1565 2725 qui

489 2731 636 2808 eyriltum
658 2732 804 2810 praeivit,
831 2731 961 2792 duorum
981 2732 1062 2804 sice,
1084 2732 1179 2812 (quos
1202 2730 1292 2792 habet
1308 2730 1510 2813 Nicephorus,
1533 2737 1566 2789 ut

487 2813 596 2874 Euodii
618 2814 690 2897 13.)
714 2825 787 2892 tres,
815 2819 863 2875 vel
886 2816 1029 2895 Georgius
1049 2816 1198 2894 oscitans,
1228 2817 1278 2877 sol
1303 2816 1454 2878 Librarius
1474 2836 1565 2877 errms

487 2898 649 2958 tribuisset
692 2901 851 2977 Georgium
866 2911 964 2961 autem
979 2900 1140 2960 dictantem
1154 2900 1382 2979 hallucinatum,
1404 2901 1565 2964 sueardus
1642 2950 1643 2965 .

488 2983 587 3044 dicam
598 2982 773 3062 scriptorem
788 3004 909 3059 errasse,
924 2986 1004 3062 quod
1023 2985 1106 3044 Pauli
1119 2987 1330 3047 Samosatensis
1341 2989 1489 3067 synodice
1500 3006 1566 3048 eoa·
1642 2968 1643 3051 i

489 3067 620 3127 demnati
632 3086 670 3126 ex
687 3068 817 3127 Ecclesia
832 3068 1003 3127 eiectionem
1020 3069 1057 3126 ab
1078 3069 1208 3130 eiusdem
1230 3090 1267 3132 ex
1285 3071 1507 3152 Episcopalibus
1523 3090 1566 3130 se·

489 3152 577 3211 dibus
591 3153 764 3232 depulsione
781 3154 817 3212 ab
831 3151 992 3213 Aureliano
1008 3152 1151 3231 insperata
1169 3156 1337 3232 diversam,
1359 3158 1499 3218 alteruter
1510 3174 1566 3214 neu

488 3237 664 3297 observarit.
709 3238 782 3297 Vide
802 3239 955 3320 utriusque
981 3239 1061 3318 apud
1083 3238 1238 3301 authorem
1262 3241 1392 3302 eundem
1411 3241 1565 3313 Eusebium,

487 3320 570 3380 illius
592 3321 625 3379 in
634 3320 782 3383 Chronico
802 3324 841 3384 ad
854 3324 1002 3385 Valeriani
1019 3343 1130 3385 anuum
1151 3329 1200 3392 18.
1224 3325 1315 3387 huius
1334 3347 1373 3387 ex
1392 3326 1495 3389 histor.
1509 3325 1564 3385 Ec-
1641 3348 1642 3381 t

487 3404 558 3466 cles.
580 3404 632 3466 lib.
656 3411 685 3472 7.
702 3428 766 3486 cap.
786 3410 840 3475 24.
865 3408 1028 3489 praesentis
1046 3411 1145 3491 operis
1166 3430 1231 3491 pag.
1253 3414 1326 3480 891.
1343 3414 1377 3472 C.
1400 3414 1562 3473 discrimem

485 3489 615 3552 Paulum
630 3489 718 3551 simul
731 3492 847 3572 inspice
875 3493 968 3573 priori
992 3493 1060 3553 loco
1079 3495 1326 3573 condemnatum,
1347 3507 1378 3557 et
1391 3489 1563 3557 uomnoosi

484 3573 662 3649 suffectum,
684 3596 742 3654 quo
758 3587 918 3658 utromque
932 3580 970 3638 ad
983 3579 1136 3640 Valeriani
1150 3590 1285 3662 tempora
1296 3583 1496 3643 revocandum
1507 3586 1562 3636 stt·

485 3667 570 3722 tuas:
594 3658 674 3736 quod
690 3680 751 3719 nen
766 3662 825 3722 nisi
841 3663 956 3723 Euodio
970 3658 1034 3747 (cui
1047 3664 1233 3746 Nicephorus
1257 3666 1562 3733 asserendorum

485 3741 628 3827 ascribit)
646 3763 699 3804 sex
719 3744 860 3807 detractis
883 3766 946 3806 non
970 3751 1126 3828 exequaris
1148 3751 1252 3811 faciles
1280 3749 1380 3813 Tertio
1398 3747 1517 3808 subinde
1529 3763 1561 3805 ex

484 3829 594 3889 Domni
607 3838 700 3890 aetate
708 3828 811 3913 (quem
825 3832 901 3890 duos
914 3830 994 3890 solos
1003 3833 1035 3891 in
1046 3834 1228 3895 Pontihcstu
1239 3835 1369 3914 exegisse
1378 3833 1482 3917 scribit
1492 3832 1561 3894 idem
1640 3888 1641 3899 .

483 3913 689 3995 Nicephorus)
710 3925 740 3974 et
752 3914 858 3994 cyrilli
877 3914 1048 3996 primordiis
1065 3917 1098 3976 in
1112 3921 1247 3999 superius
1268 3917 1414 3999 spatium,
1435 3928 1466 3979 et
1483 3937 1561 3979 mun·

485 3998 517 4057 di
532 4002 626 4065 6761.
642 4007 672 4059 et
687 3999 796 4061 Christi
809 4006 881 4067 261.
905 3999 1052 4075 evocatis,
1073 4011 1144 4081 post
1165 4003 1228 4063 eius
1245 4022 1338 4063 annos
1361 4003 1413 4068 15.
1437 4002 1561 4065 secedat

484 4082 660 4162 Tys-armus,
681 4086 765 4147 cuius
776 4105 873 4146 annus
887 4090 915 4152 2.
930 4103 968 4144 ex
978 4083 1167 4165 Theophanis
1181 4087 1297 4148 calculo
1309 4084 1348 4146 ad
1361 4090 1466 4150 mundi
1479 4089 1560 4157 2777·

483 4175 514 4226 et
527 4166 638 4229 Christi
652 4175 723 4238 277.
739 4170 895 4233 confestim
909 4178 1055 4231 occurret.
1095 4169 1195 4230 lucebi
1207 4171 1335 4251 denique
1349 4172 1560 4253 hierosolym

484 4270 552 4312 rum
569 4253 709 4336 Episcopi
724 4258 908 4338 praesulatus
925 4255 1049 4315 exordio
1067 4254 1105 4314 ad
1117 4255 1456 4334 ipsamllesurreetionis
1470 4252 1559 4316 uomi-
1639 4314 1640 4343 ¹

486 4338 568 4400 nicae
586 4348 617 4401 et
635 4341 740 4407 salutis
752 4346 803 4413 34.
823 4342 981 4405 obeuntem
996 4359 1034 4402 ex
1046 4339 1189 4404 Authoris
1205 4353 1348 4426 computo
1371 4363 1439 4428 peg-
1452 4336 1558 4411 esest
1639 4350 1640 4419 I
