2864 5004
245 381 319 455 tlt
599 389 944 461 EMENDATIONES

246 551 288 630 spi
313 542 402 627 passi,
421 547 500 609 inter
521 548 595 611 dues
614 549 742 628 virgulss
760 547 840 628 quod
854 546 888 607 in
908 557 992 610 textu
1009 550 1191 632 reperiatur,
1212 552 1263 612 lsic
1281 554 1321 612 in-

248 633 350 707 eluso‚
376 632 496 711 legendo
520 632 579 693 hoc
604 635 708 695 ordisse
728 633 914 714 interpolata.
955 639 1075 698 eones
1103 636 1322 717 διαφθαρέντα
1411 654 1412 667 *

248 715 410 862 διαὲωθθεὶς
427 715 503 781 nerei
519 715 575 800 τήν
593 717 623 796 l}
641 713 798 804 Αἰγύπτου
812 721 868 782 τοῦ
886 722 963 782 λαοῦ
982 716 1055 802 passi
1078 720 1217 798 Meruisse
1232 721 1324 798 leodos

247 819 333 883 peso
358 824 397 861 os.

331 882 441 949 Ἠνῦν
456 879 599 968 'timenem
625 887 669 948 De
689 886 763 947 Acte
781 893 810 946 et
832 885 929 945 Assios
950 886 1096 947 Pontscus
1118 888 1151 947 iss
1174 889 1326 949 Eusebius!

248 967 372 1031 erudite.
413 970 531 1032 lstlssec
550 972 683 1031 Africani
696 970 765 1030 vido
779 990 795 1028 a
809 969 934 1049 Georgio
946 973 1073 1031 relutsta
1089 992 1154 1051 pag.
1168 980 1220 1039 70.

324 1049 397 1131 Ἔπη
419 1050 526 1141 tuoni]
554 1056 580 1117 d
602 1056 682 1117 Mose
706 1053 745 1113 ed
765 1054 893 1133 Cyrum,
915 1065 1049 1116 numerat
1066 1057 1225 1116 Africanus
1245 1057 1327 1124 1235.

247 1157 354 1199 annos:
376 1139 495 1200 slutlsor
514 1150 632 1201 centum
652 1138 761 1199 nsinus.
803 1138 867 1214 llic,
884 1140 995 1203 cainan
1017 1142 1102 1200 annis
1120 1141 1178 1199 ism
1194 1141 1225 1201 iss
1245 1160 1326 1220 supe·

247 1223 377 1284 rioribus
391 1226 550 1286 numeratis
565 1224 709 1304 posterius
722 1222 852 1303 spatium
867 1225 1033 1285 contraxit:
1056 1225 1214 1285 Africanus
1230 1225 1328 1286 iisdeus

148 1316 180 1372 V.
196 1310 383 1387 luponem,
404 1309 499 1369 idest
519 1307 654 1368 iudicum
676 1316 824 1389 tempore,
852 1309 1006 1388 repositis,
1034 1310 1165 1391 spatium
1182 1310 1262 1371 ideus
1280 1328 1327 1370 su-

245 1391 326 1450 xisse
341 1390 582 1471 deprehenditur.

331 1493 401 1572 Pte.
424 1496 494 1561 149.
520 1497 634 1558 Τοῦτον
648 1488 800 1558 eis'Anss
812 1491 905 1570 peel]
928 1492 1019 1553 Primi
1032 1492 1122 1553 liuius
1141 1492 1216 1553 dicti
1228 1493 1329 1555 eutbor

247 1586 293 1637 est
302 1577 445 1639 Eusebius
459 1578 622 1639 aduncum
635 1575 769 1639 Abrahae
784 1580 853 1644 100.
866 1577 997 1638 secundo
1010 1578 1183 1639 adversetur
1190 1579 1329 1657 Georgius
1414 1606 1415 1609 ¹

247 1661 401 1743 Aegialum
417 1665 564 1725 sexcentis
579 1663 664 1724 ermis
682 1662 770 1743 Apim
790 1663 982 1723 antevenisse
1001 1662 1134 1724 scribens
1153 1684 1221 1744 psg.
1236 1664 1329 1732 921).

332 1759 455 1846 Κόσμον
472 1757 515 1847 ἦν
536 1765 600 1840 ἔτος
619 1761 741 1851 pospy‘J
771 1762 814 1822 lla
835 1765 1020 1843 putandum,
1048 1764 1203 1825 emendato
1221 1758 1329 1848 popd'.

245 1847 320 1930 Apis
335 1851 447 1931 quippe
464 1850 641 1930 Argivorum
664 1870 717 1909 sess
732 1847 838 1908 tertius
853 1849 1019 1908 communis
1038 1869 1123 1909 aerae
1144 1870 1224 1908 usssso
1239 1851 1330 1915 3808.

244 1953 371 2013 regnum
384 1936 572 2017 auspicatus,
594 1934 632 1993 ed
651 1936 744 2000 3843.
760 1934 844 1991 ennis
860 1937 911 2000 35.
929 1936 1040 1993 tenuit:
1069 1935 1165 2011 Argus
1180 1952 1330 1993 successor
1415 1930 1416 1949 ³

245 2028 317 2097 post
328 2020 445 2099 imperii
460 2018 705 2101 septuagesimum
722 2017 825 2076 usundi
839 2020 930 2084 3913.
947 2019 1008 2078 vita
1027 2019 1178 2096 lungiturs
1199 2019 1235 2078 sb
1255 2036 1330 2076 enno

245 2102 345 2179 itsque
364 2106 457 2170 3843.
479 2112 616 2185 coeperat
631 2103 785 2183 imperare.
831 2101 887 2162 leti
898 2120 990 2182 porro
1004 2104 1085 2163 tituli
1097 2104 1136 2164 ad
1150 2103 1211 2163 MS.
1224 2100 1330 2179 margi·

245 2203 315 2244 neus
333 2188 421 2267 positi
436 2198 553 2248 textum
567 2189 666 2268 ipsum
683 2185 866 2246 commodius
880 2187 1018 2250 subeunt.

336 2278 432 2362 Οὗτος
448 2284 522 2350 uersi
535 2284 604 2360 eosic
615 2282 767 2366 χρόνους]
783 2287 863 2345 llaec
877 2286 913 2345 sls
930 2288 1072 2346 Africano
1085 2285 1214 2364 scripto,
1233 2293 1266 2342 et
1277 2283 1330 2342 sub

244 2372 308 2433 eius
328 2370 458 2432 nominis
477 2371 567 2431 titulo
585 2373 676 2430 refert
697 2369 827 2447 Scaliger
847 2370 911 2430 licti
932 2379 1031 2428 textus
1052 2389 1117 2448 psg.
1139 2370 1191 2434 25.
1232 2369 1329 2447 Atque

244 2459 287 2519 ita
311 2458 482 2518 Africanum
500 2456 618 2516 sibimet
637 2463 759 2531 testeus,
788 2473 824 2514 sc
845 2454 973 2537 seipsum
996 2452 1174 2514 adulterius
1196 2472 1329 2539 ssorsssaup

245 2543 386 2602 nitentem
406 2541 531 2602 inducit.
767 2586 771 2593 .

330 2643 484 2724 Peg-150·
503 2637 618 2723 Ἰησοῦς
629 2644 685 2706 rosi
698 2643 790 2722 Ναυῆ
804 2638 854 2720 len
867 2634 933 2720 ulfi]
952 2639 1124 2718 Marginelis
1135 2638 1330 2701 emendarios

244 2734 412 2807 temporum
429 2739 617 2806 uetstumque
632 2721 799 2786 ¹rationibus
822 2725 909 2785 ssdesn
932 2724 989 2784 sibi
1012 2725 1166 2787 conciliat.
1207 2725 1294 2784 lsssso
1313 2744 1331 2780 a

244 2806 350 2871 usundi
368 2813 493 2872 conditu
510 2817 602 2878 3736.
622 2812 702 2870 vitae
722 2830 844 2870 consors
864 2808 900 2868 lit
913 2796 1008 2869 illusos
1030 2829 1095 2889 pag.
1110 2815 1180 2875 126.
1200 2812 1229 2869 (L
1251 2818 1281 2865 ct
1300 2808 1330 2863 iss

245 2916 280 2955 ea
295 2895 401 2974 viginti
417 2915 506 2975 supra
521 2904 640 2953 centum
661 2913 754 2951 snssos
772 2892 879 2969 exigit,
901 2894 936 2950 nd
957 2892 1061 2949 sssundi
1084 2892 1224 2950 nimirum
1236 2893 1329 2954 3856.

242 3000 312 3061 pag.
339 2982 408 3047 143.
424 2978 457 3039 ll.
481 2998 541 3058 quo
562 2978 642 3037 lesus
658 2976 739 3035 Nasu
759 2975 838 3034 lilius
858 2974 1005 3033 israelites
1024 2973 1151 3053 suscipit
1169 2973 1202 3032 in
1221 2983 1329 3032 temus

246 3065 386 3125 Clsussaen
399 3061 595 3124 inducendos.
638 3058 826 3121 Provinciam
845 3057 922 3118 lssssc
938 3057 1013 3117 obiit
1029 3057 1082 3118 ille
1096 3056 1183 3117 annis
1202 3063 1252 3124 27.
1271 3055 1330 3115 lsoe

246 3160 292 3209 est
307 3152 342 3211 sd
359 3147 463 3210 usundi
477 3147 569 3215 3884.
585 3165 645 3227 quo
658 3144 795 3220 ineunte,
817 3143 869 3224 qui
887 3162 1055 3204 successere
1075 3142 1180 3224 populi
1195 3141 1330 3202 seniores

245 3234 382 3315 publices
393 3254 442 3295 res
455 3234 542 3293 unssis
557 3234 606 3297 18.
621 3229 914 3291 administrsvesunt.
937 3231 1042 3288 Secuto
1055 3239 1100 3288 est
1116 3226 1222 3287 deinde
1234 3228 1331 3307 prims

245 3319 375 3379 seruitus
390 3339 408 3376 a
423 3318 526 3398 Syriae
536 3315 764 3398 Mesopotamiae
776 3335 844 3394 rege
857 3311 1082 3374 Clsuserstlssim
1099 3313 1212 3373 inssicta
1226 3310 1329 3370 mundi

245 3405 339 3469 3902.
355 3422 443 3481 quem
465 3421 620 3461 numerum
636 3399 781 3478 Georgius
794 3399 963 3481 exprimens
977 3417 1043 3481 pag.
1056 3398 1126 3465 154.
1140 3399 1176 3457 Δ.
1193 3395 1330 3476 supulc-

245 3506 293 3547 res
308 3507 327 3546 a
341 3485 428 3546 uulsis
441 3487 593 3565 expositos
607 3484 726 3564 probat.

330 3586 400 3665 Peg·
415 3587 485 3652 161.
501 3578 681 3665 Ἅρᾶβηλος]
694 3583 852 3644 Arabelum
866 3601 965 3661 regem
976 3582 1161 3663 Assyriorum
1177 3583 1226 3645 29.
1238 3595 1330 3658 prae-

247 3674 318 3735 terit
342 3671 473 3749 Scaliger·
492 3689 558 3750 pag.
575 3671 625 3737 25.
644 3678 782 3748 sequente
798 3688 866 3748 pag.
886 3673 937 3735 26.
959 3669 1047 3728 elisus
1067 3666 1103 3724 sb
1124 3664 1181 3724 lsac
1201 3662 1330 3722 hosne·

246 3760 392 3821 diversans
413 3756 566 3835 componit
585 3773 622 3813 ex
640 3757 691 3821 29.
716 3764 747 3815 et
766 3756 817 3820 30.
841 3752 958 3831 regalius
975 3761 1005 3811 et
1027 3768 1136 3808 nonusu
1156 3746 1273 3825 quidem
1295 3768 1330 3807 ac

246 3845 421 3924 vigesimum
438 3849 528 3900 vocat
545 3837 723 3913 Thinaeum,
744 3839 924 3898 tricesimum
937 3832 1105 3912 Dercylusss.
1146 3831 1193 3891 lta
1207 3832 1330 3891 latim

246 3926 389 3989 Eusebius
413 3924 545 4008 prolem
566 3923 627 3984 nisi
644 3923 725 4004 quod
744 3922 798 4002 qui
818 3921 867 3981 lsic
890 3939 987 3980 nonus
1009 3936 1046 3974 sc
1058 3914 1217 3977 vicesimus
1232 3916 1329 3976 eidem

244 4013 352 4074 Latino
372 4009 499 4074 Eusebio
519 4019 564 4070 est
578 4012 629 4077 28.
644 4007 695 4088 qui
706 4005 757 4066 lsic
777 4015 901 4065 octavus
918 4022 953 4061 sc
966 3999 1124 4060 vicesimus
1139 4002 1218 4082 apud
1239 4002 1330 4062 illo·

246 4098 288 4157 sit
301 4098 416 4157 unitste
428 4095 542 4156 minore
562 4104 592 4154 et
605 4100 753 4153 retroacto
766 4087 860 4168 gradu
872 4086 967 4147 Ninus
982 4083 1035 4164 qui
1049 4082 1101 4143 lsic
1112 4087 1259 4149 secussdus
1275 4087 1328 4144 [ι

245 4182 311 4242 tisso
330 4181 492 4263 exemplam*
512 4182 551 4240 sit
573 4178 704 4259 primus,
733 4173 866 4252 eoquod
886 4170 988 4230 Belum
1009 4169 1092 4248 qussi
1117 4173 1242 4252 priorem
1264 4191 1329 4229 nou

242 4276 410 4343 recenseat,
436 4265 490 4327 sed
514 4286 531 4325 s
555 4262 633 4323 Nino
658 4259 833 4322 laterculum
859 4254 1048 4336 dssysioruus
1068 4275 1174 4334 regum
1200 4253 1329 4317 inchoet.

244 4352 472 4434 Expunetorum
492 4350 529 4408 als
555 4345 682 4408 Eusebio
702 4342 887 4426 quorussdesss
910 4340 1100 4422 Assyriorum
1119 4362 1221 4420 regum
1245 4338 1328 4398 risio
