2946 4996
518 388 827 483 mssaamrm.
899 389 901 395 ’
1171 402 1223 513 ts

133 565 368 628 abdominibus
393 589 430 629 ns
452 567 629 628 ἰιιΙιαδίσαια
649 567 770 649 quidem
783 569 903 646 suerit,·
931 577 963 630 et
989 569 1071 650 quod
1097 588 1224 649 reguum

131 651 325 733 umbrosis,
347 653 455 715 Genesi
474 662 616 732 testante,
637 654 769 734 primum
785 673 911 734 regnum
927 664 1025 717 terma
1045 653 1135 717 suus
1148 675 1224 716 ιιιιι-

131 745 221 798 suar.
916 736 923 749 '

211 819 310 882 liuius
323 821 496 900 sententiae,
517 820 652 883 homines
664 831 734 883 anta
752 822 898 884 diluvium
911 823 945 885 in
956 823 1014 885 hac
1028 833 1131 885 nostra
1146 832 1226 885 terra

131 923 192 964 aaa
205 903 372 985 habitasse,
392 907 560 969 testimonia
582 908 727 989 producit
740 908 887 987 Georgius
900 908 935 972 ias
946 931 977 972 τι
989 914 1044 991 τῆς
1056 909 1144 983 θείας
1157 931 1227 991 ypa-

132 993 194 1069 φῆς
212 989 266 1053 sai
286 990 430 1055 ἔκτισαν
447 997 602 1076 πατρικῶν
623 997 795 1076 μαρτυριῶν
813 1013 880 1075 pag.
905 994 955 1061 14.
979 995 1016 1056 l).
1039 1003 1070 1055 at
1091 993 1225 1075 pag.16.

132 1074 288 1156 Scriptura
312 1076 390 1138 anim
414 1077 516 1138 divina
537 1077 628 1139 dicits
660 1079 719 1155 „m
741 1077 827 1138 eiecit
849 1079 997 1140 adamum
1017 1087 1048 1140 at
1066 1078 1228 1138 collocarit

132 1176 198 1219 cum
218 1153 364 1224 δείσαντι
382 1166 440 1225 rosi
457 1164 659 1245 παραδείσου,
681 1182 781 1221 coram
799 1163 957 1240 Paradiso,
977 1164 998 1224 i.
1023 1185 1050 1226 a.
1068 1151 1164 1244 pro'pe
1187 1160 1227 1221 ad

130 1242 314 1306 Paradisum.
355 1247 520 1326 Babylonia
539 1257 637 1306 autem
655 1256 684 1305 ct
697 1254 798 1305 nostra
811 1256 891 1306 terra
905 1248 1044 1308 universa
1052 1267 1160 1325 magno
1175 1245 1227 1305 ia·

132 1328 260 1387 tervallo
289 1329 383 1390 distat
403 1329 441 1388 ab
465 1332 500 1390 in
518 1332 661 1390 orientem
681 1351 767 1390 versa
792 1330 901 1407 Edam,
921 1330 956 1389 in
977 1352 1035 1411 qua
1054 1329 1228 1391 Paradisum

132 1429 194 1471 assa
222 1409 358 1474 dicimus.
400 1415 498 1494 Atque
517 1423 554 1475 ut
573 1414 665 1475 liuius
685 1415 760 1474 dicti
772 1424 875 1476 testem
890 1414 1018 1496 aliquem
1033 1420 1096 1479 τῶν
1111 1407 1228 1492 δεοφό·

131 1517 193 1576 ραν
205 1492 411 1568 διδασκάλων,
427 1499 590 1576 doctorum
607 1499 729 1560 numine
743 1499 921 1560 adllatorum
935 1501 1154 1581 producamus,
1173 1497 1228 1558 ad·

131 1579 170 1639 sit
194 1580 283 1641 nobis
307 1580 328 1646 δ
347 1589 434 1658 θεῖος
455 1578 600 1668 Eupolis,
635 1582 658 1666 ι)
686 1579 911 1667 αάιανδβρντας
936 1589 1071 1666 γλῶσσα,
1102 1582 1229 1642 diuinus

130 1664 299 1744 Epirotas,
320 1665 422 1746 lingua
444 1669 498 1728 illa
522 1689 631 1728 oceano
657 1669 840 1747 eloquentiae
863 1670 1029 1728 scaturiens
1041 1666 1103 1748 ²⁸),
1123 1668 1176 1748 qui
1194 1667 1229 1727 iu

131 1749 319 1810 orationibus
332 1751 506 1829 dogmaticis
519 1752 557 1810 de
572 1752 711 1811 Paradiso
725 1751 783 1811 boc
797 1761 885 1830 pacto
900 1751 994 1812 dicit:

216 1832 365 1893 Omnibus
383 1835 593 1894 altitudinibus
614 1835 746 1895 amoenis
771 1835 862 1896 altior
884 1845 928 1895 eat
944 1833 1116 1910 Paradisum
1138 1833 1229 1894 dilu-

132 1915 283 1997 viiaqnae
298 1917 414 1978 adeius
430 1919 545 1980 radices
559 1930 674 1980 tautum
687 1920 867 2000 pertinuere.
903 1921 1044 1980 Ilomines
1060 1938 1132 1980 vero
1148 1918 1229 1978 dilu-

131 2000 182 2063 vio
202 2002 388 2081 antiquiores
412 2003 492 2075 inter
516 2006 667 2066 Oceanum
684 2015 714 2066 et
738 2004 910 2066 Paradisum
931 2003 1120 2065 habitarunt:
1143 2003 1229 2064 Caini

132 2085 249 2147 soboles
272 2087 306 2146 ia
321 2097 401 2148 terra
413 2090 481 2150 Nod
492 2090 513 2151 i.
530 2111 557 2152 e.
572 2091 701 2151 tremula
715 2089 783 2166 24);
805 2090 861 2150 filii
874 2088 957 2149 Setbi
971 2090 1004 2150 in
1018 2100 1097 2149 terra
1112 2088 1230 2169 altiora,

131 2190 186 2250 aa,
207 2171 256 2232 uti
272 2170 308 2231 ab
322 2172 436 2234 Adamo
450 2174 638 2252 immersat,
660 2195 729 2235 cum
744 2175 829 2234 Caini
842 2175 1013 2236 fratricidae
1027 2174 1129 2234 sobole
1143 2194 1230 2233 cum·

131 2258 338 2319 miscerentur.
381 2258 465 2318 Caini
488 2260 604 2323 soboles
627 2270 690 2321 erat
714 2259 837 2320 humilia
858 2269 989 2321 statume
1008 2269 1134 2340 propter
1151 2277 1229 2318 exa-

134 2341 299 2400 erationem
319 2341 351 2401 in
361 2344 504 2423 (lainam,
524 2345 580 2405 filii
596 2344 678 2406 Setbi
700 2354 787 2405 erant
802 2345 943 2425 Gigantea
959 2355 997 2404 et·
1009 2355 1151 2424 tanquam
1170 2363 1230 2403 aa·

132 2425 190 2504 geli
210 2423 267 2486 llai
285 2425 319 2484 in
343 2429 404 2489 alta
424 2430 543 2509 regione
555 2428 611 2511 ²⁶).
653 2430 749 2491 Filiae
766 2450 838 2490 vero
861 2430 944 2490 Caini
958 2430 996 2490 ad
1011 2450 1061 2490 sos
1077 2429 1230 2510 proiectae

132 2509 255 2570 musicis
275 2510 357 2572 tibiis
374 2522 404 2573 et
422 2513 535 2595 cinyris
556 2515 742 2576 deducerunt
761 2536 811 2576 eos
830 2514 868 2574 de
879 2514 1000 2593 regione
1014 2516 1084 2586 alta,
1106 2514 1227 2592 illisque

131 2606 319 2676 nupserunt:
343 2611 542 2660 tumescente
562 2602 659 2679 legum
675 2610 827 2660 contemtu
847 2610 983 2660 exortum
998 2609 1042 2659 est
1071 2598 1230 2657 diluvium.

131 2679 170 2739 Et
190 2681 298 2741 eduxit
312 2682 390 2743 Deua
409 2705 507 2744 arcam
528 2686 605 2744 Nolis
619 2684 652 2744 in
672 2695 803 2744 montem
820 2684 949 2760 Aravat,
970 2693 1000 2741 et
1015 2682 1124 2741 dehinc
1142 2679 1230 2739 habi-

131 2773 235 2825 tarunt
248 2764 386 2826 homines
401 2766 504 2828 bacin
518 2778 608 2829 terra.
642 2769 689 2828 Ex
705 2788 764 2847 quo
781 2777 873 2848 patet,
895 2778 1003 2827 terram
1020 2786 1101 2826 nunc
1116 2766 1229 2825 cultam

131 2859 206 2910 tuac
227 2850 374 2911 incultam
394 2853 498 2913 luisse:
520 2874 590 2913 nam
615 2853 818 2913 misericordia
838 2852 890 2912 Dei
909 2850 1081 2913 habitarunt
1095 2848 1231 2911 homiues

132 2944 201 2995 ante
221 2934 374 2997 diluvium
396 2937 430 2997 in
449 2938 618 3018 regionibus
631 2958 726 3020 propa
742 2937 780 2997 ad
796 2936 966 2999 Paradisum
981 2937 1040 3015 (εἷς
1052 2932 1089 3000 ad
1102 2937 1233 3016 πλησίον

132 3021 188 3080 τοῦ
206 3021 404 3100 παραδείσου)
423 3023 504 3086 inter
525 3026 677 3084 Oceanum
699 3033 730 3084 et
751 3022 933 3084 Paradisum.
976 3024 1075 3102 Caligo
1091 3042 1162 3082 vero
1178 3039 1232 3080 ex·

132 3100 285 3175 taioade
300 3125 357 3181 qus
370 3107 505 3169 massas
520 3110 604 3187 arat,
620 3109 699 3168 intra
711 3109 883 3189 parnassum
897 3118 951 3170 aas
979 3108 1136 3168 raanan
1150 3105 1232 3165 anim

133 3205 205 3245 cum
232 3186 353 3248 Oceano
372 3198 470 3251 totum
496 3193 597 3253 orbem
616 3202 764 3252 terrarum
793 3194 825 3250 in
838 3192 951 3251 circulo
968 3192 1076 3265 ambit,
1097 3189 1130 3249 in
1144 3188 1232 3269 plaga

133 3270 275 3330 orientali
293 3272 387 3334 Edem
415 3285 476 3352 cat,
503 3286 534 3336 et
550 3277 663 3336 lumina
684 3276 761 3335 Solis
780 3275 939 3354 Lunaeque
958 3273 1039 3334 intra
1056 3274 1230 3336 Paradisum

134 3355 278 3417 oriuntur
298 3366 387 3438 atque
410 3380 446 3421 eo
467 3371 622 3442 peragrato
641 3370 726 3422 extra
748 3360 899 3421 occidunt.
920 3358 971 3422 sul
985 3356 1022 3421 cai
1037 3358 1116 3440 ἑξῆς.

212 3441 252 3502 lis
270 3442 363 3521 igitur
383 3445 436 3525 qui
448 3466 510 3506 non
525 3447 691 3527 pertinaces
703 3454 770 3506 sunt
787 3446 863 3527 (τοῖς
876 3440 1040 3525 sinistrius)
1055 3444 1128 3505 haec
1143 3441 1231 3504 suifi-

134 3545 204 3586 oere
220 3527 364 3602 arbitror,
386 3540 420 3592 ut
430 3531 469 3593 iis
483 3552 654 3613 persuasum
665 3532 718 3607 sit,
739 3529 874 3592 homiues
888 3541 957 3591 ante
970 3530 1118 3592 diluvium
1133 3531 1230 3589 Ocea-

133 3631 210 3671 num
222 3613 301 3673 inter
313 3624 343 3674 et
358 3617 530 3678 Paradisum
546 3618 722 3680 habitasse.'’

219 3697 365 3778 lingnam,
388 3703 433 3762 uti
449 3713 582 3784 apparet,
604 3703 811 3763 auctoritatem
832 3699 975 3781 Georgius
992 3699 1158 3783 prraemo
1171 3697 1232 3758 tri-

134 3777 220 3856 buit,
244 3783 287 3843 ita
305 3794 342 3845 ut
364 3787 452 3847 iuxta
473 3808 589 3847 sacram
612 3788 792 3869 scripturam
809 3787 1013 3849 testimonium
1035 3787 1100 3848 eius
1119 3792 1230 3867 ponat3

169 3977 221 4047 2³)
237 3982 369 4053 Georgius
387 3985 523 4056 Nyssaaas
540 3985 568 4039 in
588 3984 703 4040 oratione
725 3986 827 4041 funebri
840 3987 1011 4058 prraeinum
1027 3982 1115 4040 laudat
1126 4000 1156 4036 ra
1167 3999 1232 4037 vara

206 4050 338 4106 &outae
362 4057 531 4126 Euphraten,
548 4055 623 4109 cuius
639 4056 721 4125 ,aquis
740 4057 848 4126 irrigata
871 4057 1074 4110 Christianorum
1097 4051 1231 4105 multitudo

204 4120 349 4190 centuplum
359 4125 421 4179 fidei
435 4127 547 4179 trauan
561 4125 686 4196 producit
735 4125 784 4190 24)
801 4127 844 4179 Na
857 4143 911 4178 cum
927 4127 1016 4178 Goaro
1032 4123 1131 4175 inseras
1142 4118 1231 4195 καιρί-

204 4205 255 4243 w·
329 4192 379 4261 25)
401 4194 514 4249 Adamas
531 4194 558 4247 ia
576 4193 856 4260 Tumidissimum,
880 4204 1013 4263 antequam
1034 4190 1230 4260 accesserim

205 4262 365 4326 terramque
377 4264 412 4318 ad
425 4264 522 4318 ααιδαιιι
530 4263 694 4334 pertinuisse.
706 4264 860 4330 (Deuteron.
878 4260 905 4318 4.
920 4263 980 4329 ³2.)
1014 4260 1054 4312 Po
1096 4275 1153 4312 uam
1165 4275 1229 4311 vero

205 4326 385 4385 &invitae
398 4334 462 4389 bora
475 4332 644 4404 peccavisset,
661 4335 744 4388 Βααια
755 4351 860 4390 nauum
871 4333 897 4389 ei
906 4331 1062 4402 taposuae,
1100 4329 1188 4386 aaut).
1201 4328 1228 4383 5·

204 4393 223 4449 i.
237 4413 262 4451 e.
274 4412 333 4452 enus
345 4400 451 4457 mauris
463 4409 581 4458 statum
590 4401 694 4460 lauisse.
