2946 4996
573 449 871 521 numerurm.
1169 532 1174 548 ι
1221 444 1267 516 31

177 605 304 667 Abraam
328 606 405 667 exiit
425 605 457 665 in
479 616 589 667 terram
614 605 762 667 Cenaau.n
786 640 822 653 -
845 606 884 667 lli
905 604 965 667 loei
989 606 1044 668 eibi
1068 606 1271 670 contradicere

178 692 335 751 nonnullia
352 694 409 751 viai
423 703 506 767 aunt3
528 703 557 751 et
572 694 633 753 aive
648 703 798 752 auctorem
813 693 960 751 Geneaeoa
973 693 1035 751 aive
1049 694 1157 755 Lueem
1173 694 1205 757 in
1221 715 1270 755 ea·-

176 797 276 836 rorem
300 779 418 856 lapsum
433 797 495 836 eaae
517 778 736 837 iudicaverunt.
780 779 1023 854 Georgiuavere,
1044 788 1272 858 quumutreque

176 862 327 941 aeripture
344 862 455 937 divina,
478 861 519 935 ὥς
538 857 756 936 θεόπνευστος,
777 881 879 920 verum
904 864 1062 922 enunciare
1082 884 1200 924 neceam
1217 874 1272 939 eat,

176 947 275 1026 primo
289 948 432 1026 exemplia
446 948 613 1024 continuet,
636 947 816 1028 scripturam
829 967 941 1006 sacram
955 947 1072 1028 aaepiua
1086 950 1190 1008 ordine
1203 970 1273 1009 um·-

175 1032 302 1089 rationia
316 1051 473 1103 converso,
487 1033 593 1091 ultima
609 1032 725 1111 primo,
741 1033 835 1112 prima
851 1034 958 1091 ultimo
975 1033 1040 1092 loce
1056 1053 1181 1112 ponere:
1202 1054 1272 1111 ergo

175 1125 304 1174 mortem
320 1135 440 1196 quoque
455 1115 583 1189 Timere,
606 1136 781 1194 quemquem
795 1126 862 1175 ante
876 1116 1031 1177 transitum
1044 1118 1156 1177 lbreae
1167 1117 1199 1175 in
1216 1119 1273 1176 Ca-

174 1218 252 1259 naeu
272 1210 419 1283 narretur,
442 1211 511 1281 pert,
528 1202 685 1260 tramitum
699 1202 857 1276 occidione,
878 1222 939 1260 non
955 1211 1059 1261 contra
1074 1221 1185 1261 morem
1199 1222 1273 1263 uor-

174 1287 301 1343 ratienia
320 1305 390 1344 erae.
411 1317 448 1363 .··
481 1284 554 1345 Dein
575 1287 678 1359 docet,
699 1294 811 1344 oaorem
828 1287 1005 1365 aeripturem
1021 1286 1121 1345 multis
1141 1286 1173 1345 iu
1196 1287 1273 1346 leeia

175 1389 238 1427 non
260 1371 299 1426 ad
316 1370 436 1445 litterae,
458 1389 562 1428 verum
582 1371 744 1447 symbolice
760 1370 1010 1450 interpretandam
1026 1389 1098 1446 erae,
1120 1368 1274 1450 ipsumque

174 1453 338 1512 ltominum
361 1454 546 1527 incredulus,
570 1454 626 1511 bae
653 1455 723 1513 licet
749 1453 809 1513 rita
828 1456 975 1531 fruenter,
995 1465 1129 1514 murtena
1148 1474 1273 1533 vocpra:

173 1538 256 1613 aine,
285 1538 400 1617 inquit,
421 1548 556 1597 mortuoa
581 1538 705 1617 sepelire
724 1549 857 1598 moetuoe
880 1561 964 1598 auor:
987 1558 1055 1616 ergo
1074 1540 1182 1599 Lueam
1196 1559 1273 1618 quo·

174 1643 234 1701 que
260 1633 386 1682 mortem
407 1623 561 1681 animalem
587 1619 652 1702 (rdv
675 1616 996 1705 emendatorium),
1026 1644 1086 1683 uon
1108 1625 1274 1684 naturalem

173 1701 335 1787 (φυσικόν)
347 1706 479 1766 iudicare
494 1707 639 1778 vetulum
662 1707 743 1784 quod
764 1707 871 1781 lirum,
892 1710 964 1767 ertia
978 1708 1132 1785 sculpendi
1147 1708 1272 1789 peritur,

172 1791 212 1848 olr
237 1791 334 1871 turpio
355 1791 431 1849 lucri
454 1812 488 1850 ee
503 1793 660 1851 aimutecra
673 1791 789 1849 culeudi
805 1791 997 1868 cupiditatem
1011 1792 1041 1849 iu
1056 1794 1171 1850 (innuen
1187 1813 1272 1852 auen·

173 1874 256 1935 aerit.
299 1875 424 1934 Abraam
439 1895 528 1951 vero,
547 1875 640 1934 iuesui
656 1875 760 1933 divino
781 1875 984 1947 obedientem,
1004 1878 1166 1956 eputernia
1182 1877 1273 1937 idolio

172 1959 215 2018 ita
237 1978 376 2019 aeeraum
398 1958 502 2033 suiaae,
534 1968 585 2034 ut,
606 1958 648 2031 oie
669 1964 819 2038 notumne
836 1959 1007 2039 imperitet,
1029 1969 1119 2018 noete
1140 1961 1272 2023 subiecto

171 2042 246 2120 igne
261 2043 524 2104 eeeombuaaerit:
548 2063 710 2122 eorumque
731 2044 869 2103 incendio
889 2047 1008 2104 lintrem
1022 2046 1118 2113 Areu,
1139 2044 1273 2106 ssauuuaa

170 2130 394 2203 extincturum,
424 2137 492 2187 ente
518 2128 621 2187 oculor
647 2127 742 2207 patrie
765 2128 955 2208 absumptum
977 2149 1053 2205 eaeo,
1079 2129 1273 2208 oeuigmotiea

172 2210 234 2271 hoe
247 2215 395 2289 scriptura
408 2212 564 2274 innuentez
587 2212 639 2275 atel
662 2207 816 2275 ἀπέθανεν
835 2206 942 2293 ’tldddv
960 2209 1128 2278 ἐνώπιον
1143 2219 1199 2278 τοῦ
1211 2240 1272 2278 aau-

169 2292 242 2375 πρὸς
264 2290 360 2359 eriroei
387 2293 502 2379 θιὶῥᾷα.
545 2298 698 2357 Neminem
723 2298 908 2358 eruditorum
933 2318 1003 2358 vere
1023 2298 1118 2376 sugit,
1140 2292 1271 2363 indutie

169 2404 254 2455 τινος
272 2382 437 2442 νωτίοιιεηι
455 2383 612 2442 litteralem
630 2382 796 2442 llebmiami
820 2402 899 2457 aare,
922 2383 975 2461 qui
991 2394 1060 2442 iente
1075 2386 1142 2442 eine
1156 2396 1272 2465 tempere

169 2465 329 2544 aignitieet.
349 2499 394 2513 ·-
413 2470 515 2541 Quum
529 2487 600 2527 vero
609 2465 705 2526 Thera
719 2488 780 2528 neu
793 2467 1005 2542 deterreretur,
1013 2487 1073 2547 quo
1088 2468 1187 2528 mium
1202 2469 1272 2528 ido·

170 2550 200 2609 lo
226 2549 383 2626 adoreret3
406 2553 530 2611 Abraam
545 2563 616 2631 poet
634 2564 758 2613 mertem
774 2553 938 2611 <rationalem
955 2552 1048 2633 petria
1062 2562 1170 2614 terrem
1185 2552 1292 2628 chre,

168 2635 313 2693 dacorum
327 2636 449 2714 reliquit
462 2646 551 2714 atque
567 2636 598 2696 in
615 2638 733 2695 canaam
744 2647 945 2715 trumgraaaua
959 2647 1014 2698 eat.
1036 2638 1078 2697 lle
1088 2658 1160 2698 vera
1173 2648 1272 2698 autem

167 2718 281 2778 manait
290 2717 388 2778 'l'lrera
404 2720 433 2779 in
444 2721 543 2779 lieren
560 2731 589 2780 et
603 2721 682 2779 vixit
693 2731 761 2800 poet
775 2721 997 2800 emigrationem
1013 2720 1067 2780 lilii
1076 2722 1168 2782 vitem
1181 2731 1273 2782 netu-

166 2804 262 2864 ntem
277 2823 374 2862 arrrroa
391 2807 440 2872 50.
454 2836 497 2850 ·-
512 2805 586 2863 'l'oto
600 2803 722 2864 lristoria
732 2805 919 2885 disciplinam
933 2805 1135 2865 'l'elmudieem
1146 2807 1274 2868 redolet.

255 2889 303 2948 Ad
325 2887 403 2949 baec
417 2889 562 2951 rotiouem
580 2891 672 2949 rerba
684 2910 784 2949 merae
804 2890 972 2972 aeripturae
985 2892 1202 2971 interpretandi
1217 2911 1272 2951 ne·

165 2972 244 3031 mini
266 2973 375 3034 mirum
394 2974 563 3049 videbitur,
586 2974 611 3033 ei
625 2975 769 3053 Georgius
790 2976 878 3055 lenge
902 2977 1011 3035 alienae
1025 2995 1073 3035 rea
1086 2977 1118 3034 iu
1132 2975 1271 3058 Apoery.

164 3056 241 3138 plaia
258 3068 390 3118 narrator
400 3059 520 3139 aeriptia
534 3059 649 3120 biblieia
663 3081 808 3120 comorroa
818 3080 880 3120 eaae
891 3059 1168 3143 ponit,preeaertim
1177 3082 1272 3141 quoru

165 3142 281 3202 l'eulua
300 3161 417 3220 quoque
435 3147 580 3204 etl’etaua
595 3146 838 3227 apocryphorum
860 3146 1038 3207 tettimeuiia
1057 3164 1273 3224 uumruuquom

164 3226 217 3286 uei
233 3235 315 3299 aunt,
338 3246 403 3306 pag.
417 3233 470 3307 ΞζἸἴ

254 3310 338 3370 luter
358 3309 413 3371 lma
429 3310 626 3391 Apoeryphoa
639 3312 722 3391 apud
735 3312 849 3392 priaeoa
864 3312 1088 3374 Eccleaieatieoa
1100 3332 1163 3373 non
1178 3312 1270 3372 mini-

163 3413 235 3455 mae
256 3397 443 3455 auctoritatia
465 3396 523 3455 t'uit
538 3401 671 3457 Perre
694 3399 864 3456 (teneris.
895 3431 932 3443 -
961 3399 1065 3459 Plurea
1086 3396 1175 3459 lruiua
1198 3397 1269 3458 libri

162 3478 252 3539 tituli
265 3480 411 3541 citantur:
429 3476 519 3562 lanei}
531 3479 644 3563 γένεσις
655 3483 797 3564 (Zonaras
810 3482 879 3543 libr.
889 3482 913 3545 l.
928 3482 1034 3544 Annei.
1053 3482 1139 3560 iuit.;
1162 3483 1270 3562 Georg.

162 3563 301 3643 Syneell.
326 3583 355 3643 p.
372 3564 401 3629 4.
419 3563 471 3642 Α.,
495 3588 523 3645 p.
539 3568 570 3633 6.
590 3568 642 3643 A.;
667 3565 796 3629 blicheel
811 3567 921 3647 Glycera
938 3566 1047 3628 Annal.
1061 3587 1129 3648 pag.
1156 3574 1216 3635 104
1239 3575 1270 3628 et

55 3704 61 3709 .
164 3653 249 3723 1085
272 3646 380 3725 Georg.
404 3649 567 3709 Cedreuum
586 3673 617 3732 p.
642 3656 661 3717 1
685 3662 716 3712 et
729 3650 781 3732 3),
804 3651 1008 3736 &ereptorem
1022 3652 1116 3735 (apud
1134 3651 1271 3734 Epipha-

162 3731 284 3816 nium),
309 3732 511 3813 μικρογένεσις
530 3733 621 3815 (opud
640 3732 883 3821 Hieronymum).
924 3738 1005 3797 llaec
1027 3736 1153 3797 varietur
1175 3758 1213 3798 ex
1234 3757 1272 3797 eo

162 3827 236 3877 orta
258 3838 319 3878 eoae
343 3819 478 3894 videtur,
500 3819 582 3898 ‹pued
606 3817 682 3877 liber·
701 3823 865 3899 ‹ri-agrinius
882 3821 1020 3881 hebraice
1039 3824 1172 3902 aeriptue
1195 3830 1269 3894 erat,

161 3900 216 3960 uti
236 3922 272 3961 ex
299 3904 329 3962 S.
356 3903 892 3984 llierunymiEpiat.12i.opperet.
934 3904 1010 3988 (etr.
1023 3907 1152 3967 l'ubrieii
1169 3909 1270 3967 Codex

162 3986 443 4068 Pauadepigrepbua
459 3988 574 4049 Veteris
589 3990 769 4049 Teatemanti
787 4009 853 4095 pop.
868 3994 939 4059 860.
955 3990 1040 4096 851.)
1066 3993 1102 4052 lu
1116 3990 1271 4051 llebreieia

164 4072 272 4129 sorren
294 4073 352 4131 leit
370 4092 478 4132 nomeu
496 4085 567 4158 perp,
583 4075 663 4152 qued
679 4074 731 4134 elii
746 4098 854 4156 praee,
876 4078 927 4136 otii
939 4082 1029 4158 tenen
1043 4094 1148 4154 graeca
1166 4076 1270 4136 reddi·

160 4155 289 4216 deruut.
310 4189 350 4201 -
372 4157 489 4217 Citatur
507 4178 625 4236 queque
648 4154 842 4238 ἀποκάλυψις
856 4161 1032 4238 Μωῦσέως,
1056 4162 1161 4237 Georg.
1178 4160 1269 4239 Syrie.

159 4258 233 4320 με.
258 4241 286 4305 4.
315 4241 370 4314 L,
393 4243 498 4320 Georg.
515 4245 638 4303 Cedere.
655 4263 722 4324 pag.
737 4249 777 4323 3,
799 4247 880 4324 quod
894 4247 971 4306 Moai
990 4268 1006 4305 a
1028 4247 1086 4304 tteo
1104 4246 1269 4306 revelatum

161 4343 228 4384 caea
244 4324 360 4384 librum
381 4326 561 4403 lingebatur,
582 4340 612 4388 et
627 4328 781 4390 lembecio
797 4340 922 4390 teatante
946 4330 978 4388 in
991 4327 1172 4388 Bibliotheca
1193 4330 1275 4388 [ομ

159 4428 247 4470 aaran
270 4407 498 4471 Vindobeuemi
521 4412 583 4473 duo
600 4414 720 4474 corticea
740 4412 800 4473 boe
824 4414 913 4475 titulo
928 4424 1100 4475 aervantum
1121 4407 1269 4494 deripuere
