2864 5004
253 389 328 466 488
623 396 968 467 EMENDdTlONES

254 559 324 635 eirn,
336 556 460 619 Eliecirn
474 567 658 637 vocatusper
669 576 764 618 annos
777 553 917 615 undecim
933 575 950 612 a
964 554 1067 615 mundi
1083 555 1178 624 4884.
1192 555 1231 616 ad
1240 555 1317 622 4888

254 662 314 724 quo
329 644 411 721 regni
425 642 525 703 haeres
539 642 685 717 loschim,
701 640 855 701 lechonioa
866 648 1006 716 vocatus,
1027 640 1065 698 ed
1082 642 1188 699 solium
1201 651 1245 698 est
1258 660 1320 700 ere-

254 737 330 787 otus.
370 727 499 787 Ultimus
510 727 562 788 hic
576 744 717 788 numerus
731 735 777 786 eet
790 743 878 806 quens
890 722 1008 783 Author
1024 725 1166 805 temporis
1186 726 1250 784 eius
1267 734 1319 783 tet.

254 810 367 871 minum
382 812 534 892 praefigit,
555 822 585 872 et
602 831 677 891 quae
690 819 762 870 nota
780 807 905 891 septima
922 808 1073 888 superiore
1090 809 1262 889 scripsimus
1279 809 1319 867 sel

255 895 475 956 emendavimus
489 897 643 956 manifeste
655 895 799 955 vindicat.

341 974 454 1043 Τούτου
472 979 567 1061 φησὶν
583 983 628 1066 τῷ
640 979 729 1063 τρίτῳ
748 973 828 1059 isse]
849 975 885 1036 lu
898 974 973 1036 haec
984 975 1054 1037 Not.
1077 994 1145 1055 pag.
1170 978 1221 1041 80.
1240 974 1320 1036 relata

253 1062 358 1124 scribit
376 1065 511 1143 Scaliger.
556 1066 643 1144 Quae
662 1073 810 1122 nonerunt
828 1063 908 1120 tanti
928 1072 962 1119 ut
983 1063 1143 1135 consudare
1157 1061 1252 1118 uelint
1288 1061 1322 1119 n

252 1166 314 1208 non
326 1146 374 1207 his
388 1148 568 1225 merendis,
588 1147 641 1207 sed
656 1167 672 1206 e
689 1147 723 1205 Β.
743 1145 907 1227 Hippolyto
921 1145 1126 1222 recensendis,
1151 1153 1320 1216 momentum

252 1251 341 1292 omne
353 1241 456 1293 nostro
472 1231 598 1311 Georgia
615 1230 772 1312 pendebat.

339 1320 401 1380 Teii
416 1313 450 1381 dd
466 1311 582 1398 κόσμου
601 1308 715 1402 βῶξ]
742 1314 814 1374 Trea
833 1331 945 1374 menses
962 1311 1093 1371 loachisn
1109 1312 1142 1370 in
1157 1331 1265 1371 annuns
1278 1332 1322 1371 re·

252 1398 345 1478 cipit,
367 1402 504 1479 quicum
527 1419 606 1459 anno
626 1399 718 1466 4896.
741 1417 891 1476 regnasse,
913 1398 1089 1457 successoris
1108 1416 1181 1457 sero
1197 1395 1321 1456 Sedeciae

252 1490 369 1563 ternpus
383 1506 399 1542 a
412 1485 504 1551 4896.
518 1502 672 1544 numerare
686 1482 793 1564 incipit
808 1481 933 1541 Author.

337 1568 405 1646 Ρη·
421 1573 493 1635 220.
517 1572 579 1633 Toni
592 1566 625 1632 di
637 1563 750 1647 κόσμου
763 1562 884 1651 ,dnnn'l
901 1567 974 1624 Cum
988 1562 1084 1641 priano
1098 1562 1145 1623 sui
1159 1564 1241 1644 segni
1254 1583 1322 1622 enno

251 1648 363 1710 Iudaici
379 1652 484 1733 populi
499 1662 612 1734 partem
628 1652 778 1730 captivam
793 1649 951 1708 abduxerit
964 1647 1247 1723 Nabuchodonosor,
1265 1649 1323 1707 loa·

253 1734 311 1794 cim
326 1746 433 1815 quarto
445 1736 582 1811 ineunte,
602 1736 696 1813 ipsius
708 1732 981 1793 Nabuchodonosor
991 1732 1111 1790 exordio
1123 1734 1206 1792 nulle
1220 1734 1323 1792 ratione

252 1829 366 1897 queunt
385 1822 417 1879 in
432 1819 537 1879 mundi
552 1817 814 1885 iserniensem.
858 1822 885 1881 1.
908 1814 997 1889 Quod
1013 1825 1138 1893 qirartus
1154 1817 1261 1875 loreisn
1276 1836 1323 1875 an-

252 1910 308 1961 nus
322 1903 354 1961 in
369 1906 463 1970 4884.
477 1904 590 1964 incidet
607 1902 640 1962 in
653 1901 764 1963 vitiatis
777 1900 899 1978 tabulis,
920 1901 1050 1978 adeoque
1064 1900 1174 1958 loacim
1191 1912 1219 1960 et
1233 1902 1324 1959 Nabu-

252 1984 440 2048 chodonosor
459 1988 529 2048 anui
546 1985 707 2047 secuaadum
727 1986 881 2046 historiam
900 1984 1064 2058 confligunt
1083 1984 1120 2043 ad
1140 1985 1274 2043 isieicem.
1296 1990 1324 2051 8.

253 2069 328 2129 Cum
347 2081 469 2149 quertus
486 2072 595 2131 loacine
607 2081 637 2129 et
649 2069 923 2129 Nabuchodonosor
936 2069 1049 2145 paiiuus
1064 2068 1264 2146 Badylonicao
1279 2089 1324 2127 ea-

252 2151 386 2231 pristini
399 2155 533 2212 dederint
547 2153 682 2225 initium,
703 2152 739 2209 ab
753 2152 875 2223 iisdem,
899 2151 970 2208 dum
983 2160 1080 2206 tumen
1102 2152 1206 2210 usundi
1227 2152 1324 2230 vulga-

253 2253 303 2296 res
327 2234 398 2294 anni
418 2243 614 2310 concurrant,
640 2234 678 2293 ad
703 2232 774 2312 Cyri
800 2233 928 2312 prinsunr
951 2232 1135 2310 septuaginta
1157 2234 1326 2311 captivitatis

254 2317 327 2378 anni
348 2328 557 2394 numerantur3
592 2317 644 2397 qui
671 2316 865 2376 nihilominus
890 2335 984 2394 usque
1007 2334 1024 2373 a
1047 2315 1155 2374 loacisu
1179 2326 1280 2393 ‹poarlo
1300 2326 1327 2375 et

254 2400 362 2462 mundi
374 2403 467 2469 4887.
482 2422 576 2483 neque
586 2421 603 2460 a
614 2400 884 2461 Nabuchodonosor
895 2401 992 2480 primo
1005 2408 1035 2458 et
1049 2399 1152 2459 mundi
1164 2402 1255 2467 4888.
1267 2421 1325 2481 poa-

253 2495 325 2546 sunt
337 2486 492 2563 recenseri,
511 2486 735 2547 excurrentibus
749 2485 848 2565 quoad
859 2485 1032 2544 ludaeorum
1047 2503 1149 2562 regum
1164 2496 1325 2563 consputum

254 2570 338 2631 annis
358 2570 453 2631 trihus
470 2572 519 2632 vel
537 2580 680 2652 quotuor,
701 2578 731 2630 et
748 2561 983 2629 redundantibus
998 2568 1109 2649 pariter
1123 2568 1157 2628 in
1171 2569 1325 2629 Chaldaeo·

252 2654 693 2799 litt'ttttlttlt
703 2652 1324 2798 tl‘littlltttiltlltlldd

254 2822 432 2899 emendatis,
451 2832 487 2883 ut
499 2821 536 2882 ab
551 2760 588 2883 ed
601 2821 839 2903 septuagenarius
856 2842 1003 2881 annorum
1019 2758 1201 2901 eduvinus
1221 2841 1325 2904 proue-

254 2904 308 2968 dae
320 2925 475 2981 uumerus,
496 2915 588 2987 prout
601 2906 699 2986 quoad
713 2906 837 2967 ludreae
850 2925 952 2984 regum
963 2905 1108 2965 rationem
1121 2906 1325 2967 demonstrarit

252 2988 404 3051 Librarius
419 3009 457 3050 ex
471 2990 602 3051 duthors
616 3009 683 3071 peg.
704 2996 776 3058 217.
800 2991 836 3051 Δ.
858 3000 889 3051 et
908 2992 981 3057 223.
998 2990 1031 3049 B.
1045 2999 1074 3049 et
1089 3010 1145 3050 nos
1158 2990 1191 3050 in
1206 2991 1324 3051 eiusdem

252 3093 322 3156 pag.
344 3074 425 3136 notis
446 3074 683 3151 observavimus,
704 3075 746 3134 ita
763 3073 888 3153 quilibet
909 3073 1042 3133 culcuhu
1058 3070 1140 3134 hisco
1159 3075 1324 3147 contraries,

251 3158 1325 3323 nltllttlzlttstfflltltulffitltlitttt'2:2⁸

254 3324 346 3386 tiores
364 3346 398 3386 ac
419 3327 558 3388 clariores
576 3328 662 3388 debet
684 3328 853 3402 ostendere,
875 3348 909 3386 eo
924 3327 1016 3402 magis
1031 3328 1168 3386 confusas
1184 3337 1215 3387 et
1227 3326 1326 3386 obseu-

255 3406 351 3467 aiores
375 3420 581 3488 repraesentat.
622 3411 791 3490 Castigandi
817 3412 926 3471 erroris
951 3410 1046 3489 gretia
1070 3412 1234 3470 nonnullus
1251 3407 1326 3467 labor

257 3488 478 3571 suscipiendus,
498 3504 528 3552 et
540 3494 620 3555 unde
638 3495 814 3575 processerit
828 3494 1054 3555 cossiiciendum.
1096 3493 1231 3553 Athaliae
1244 3510 1326 3568 regne

256 3593 311 3634 sex
324 3593 418 3634 annos
434 3574 578 3637 duntaxat
587 3578 719 3656 plerique
735 3578 915 3657 chronologi
930 3579 1097 3655 resignante
1123 3576 1173 3636 coi
1195 3576 1326 3654 Georgius

255 3677 321 3721 non
338 3668 450 3737 septem
462 3659 567 3734 modo,
590 3660 641 3717 sed
655 3671 685 3720 et
695 3663 793 3721 octavi
804 3664 932 3739 spatiusn
948 3663 1028 3721 inter
1046 3679 1140 3719 asinos
1161 3659 1263 3719 nandi
1280 3678 1326 3720 rs-

255 3741 385 3823 linquit,
402 3740 441 3803 ds
461 3760 521 3820 quo
539 3741 673 3822 superius
695 3744 727 3802 in
742 3765 772 3824 p.
792 3749 864 3813 187.
884 3745 980 3805 notis:
1003 3741 1125 3802 loschas
1146 3746 1256 3825 puriter
1271 3754 1326 3805 trae

256 3846 371 3888 munes
392 3826 425 3887 in
443 3825 564 3887 alterius
586 3826 663 3904 regis
683 3835 816 3906 tempore
839 3828 925 3888 tacite
948 3826 1143 3887 continendos
1170 3829 1205 3890 in
1225 3848 1325 3890 mnu·

256 3920 420 3972 vertentem
433 3921 463 3973 et
475 3910 641 3970 absolutum
653 3909 797 3990 imputat:
825 3923 856 3971 et
877 3930 1014 3970 ucesaus
1029 3911 1117 3988 licet,
1139 3922 1172 3973 ut
1194 3935 1230 3977 ea
1247 3923 1325 3996 pert·

257 3994 442 4056 vindicatum
462 4005 523 4069 est,
550 3993 659 4054 exinde
671 3994 772 4053 nullus
793 3994 935 4069 oriretur,
955 3994 1085 4074 emplum
1100 3996 1173 4059 adeo
1188 4010 1282 4060 tanea
1298 4004 1325 4056 et

257 4099 377 4139 enorme
391 4089 434 4139 est
455 4079 645 4139 intervallum
663 4099 680 4136 a
693 4078 800 4159 populi
815 4097 853 4137 ex
865 4080 997 4159 Aegypto
1010 4080 1191 4157 proiectione
1206 4085 1241 4144 ad
1253 4093 1324 4143 teas·

259 4163 343 4241 pluus
362 4165 547 4224 aSalomone
564 4162 734 4238 conditum,
754 4170 790 4223 ut
802 4182 840 4222 ex
854 4162 939 4222 annia
957 4161 1025 4222 lloli
1042 4165 1146 4243 viginti
1168 4178 1198 4228 et

258 4247 384 4306 &noeti
405 4248 575 4326 assignatis,
602 4256 725 4327 totoque
748 4246 844 4327 spatio
867 4249 937 4314 659.
965 4267 1127 4327 annuorum,
1152 4254 1190 4312 de
1213 4247 1324 4333 quoad

257 4347 323 4410 με.
339 4332 409 4398 116.
422 4333 502 4394 netis
516 4332 609 4394 satius
622 4332 663 4394 sit
674 4331 857 4413 rescindere,
879 4351 966 4414 quarn
985 4333 1057 4397 sdes
1079 4336 1230 4418 copiosum
1246 4349 1324 4395 aue·
