2888 5002
457 397 812 473 Annorenottns.
1104 386 1181 467 653

102 561 149 642 git
185 559 266 623 llaec
292 558 331 622 de
355 558 518 643 Nicephori
541 568 675 643 tempore
695 559 828 621 breviter
847 558 887 620 ed
909 559 973 623 eine
997 556 1182 623 breviarium

104 645 271 724 caramtog.
292 654 373 725 geete
388 648 439 726 qui
455 646 539 707 volet
559 645 687 727 ampline
705 644 832 705 deducte
846 645 967 706 Snrinrn
980 646 1049 706 loco
1065 666 1182 707 memo·

102 739 178 807 reto,
195 729 350 791 Menaenm
375 732 413 789 ad
435 734 486 797 13.
506 730 608 791 Martii
631 740 661 791 et
680 729 757 789 lnnii
778 728 890 811 pariter
914 733 963 796 13.
985 731 1182 808 Anaetceinm,

103 813 273 893 connum,
304 817 450 876 Zonaram
473 815 582 892 adibit,
611 824 642 876 at
662 813 873 895 Theophanem
894 813 1067 895 propediem
1084 816 1183 877 lucem

101 898 1084 1067 tltltl..·t.tttl¹·l.5t”¹...lll’tllt‘lltnttltll
1094 902 1185 1066 ..iil

101 1068 257 1130 etolebilur.
301 1069 392 1143 Quod
411 1069 449 1129 ed
470 1070 586 1130 notiora
607 1078 638 1129 et
658 1070 840 1144 recentiora,
868 1070 973 1130 Voeeio
992 1067 1184 1148 cheiragra-

101 1151 212 1234 plricnm
225 1151 455 1236 hooNicepleori
469 1155 649 1238 opnecnlcm
663 1154 701 1214 eb
716 1154 870 1215 Anaetaeio
883 1152 1112 1214 Bibliothecario
1125 1156 1186 1212 tn-

101 1238 157 1298 tine
167 1237 202 1296 eb
216 1240 339 1319 antiqno
353 1239 506 1301 redditum
518 1237 672 1301 eeeentior.
702 1239 790 1300 Dedit
803 1240 912 1300 iterum
927 1238 1046 1300 Author
1059 1239 1184 1299 Miecel-
1200 1239 1233 1294 Ρ.
1246 1239 1280 1297 86

100 1322 155 1382 laea
181 1322 347 1384 lonchimne
369 1324 568 1402 Camerarine,
596 1332 626 1385 et
652 1323 1047 1398 commentariumaddidit.
1082 1324 1186 1386 Parem

100 1406 239 1468 Antonine
257 1408 383 1469 cautim
402 1408 480 1472 cirea
493 1409 673 1490 operculum
688 1408 767 1469 idem
784 1409 1022 1470 accommodavit
1041 1429 1142 1469 curem
1156 1418 1187 1470 ct

100 1490 237 1554 laborem:
259 1494 372 1555 Graece
387 1494 554 1573 divulgavit
568 1492 711 1575 loeeplene
725 1495 857 1573 Scaliger
871 1494 904 1555 in
916 1495 1096 1574 'temporum
1104 1492 1187 1554 The-

101 1595 197 1653 eenro;
219 1577 259 1638 ed
280 1599 408 1659 quornm
432 1579 577 1640 editiones
597 1577 676 1638 hano
696 1600 714 1637 a
727 1599 775 1640 me
795 1588 1011 1660 comparatam,
1033 1588 1062 1639 et
1076 1579 1114 1640 ad
1128 1598 1187 1638 cn-

101 1661 208 1721 mnlnm
221 1665 408 1724 accedentem
422 1664 577 1743 enbinngo.
598 1663 701 1725 Titnlo
714 1686 807 1745 porro
822 1664 941 1725 additae
954 1662 1099 1724 dictionee
1113 1664 1186 1743 pri-

101 1763 158 1803 mae
179 1744 216 1804 de
235 1745 295 1806 lide
314 1766 382 1824 erga
403 1749 465 1807 MS.
485 1749 631 1809 ecrvanda
656 1748 732 1809 nihil
753 1747 930 1821 retrahunt,
958 1757 1024 1807 tnm
1044 1749 1126 1826 qnod
1147 1748 1184 1807 ab

101 1827 196 1888 elienie
215 1830 309 1891 eolcat
325 1831 432 1891 titulue
450 1833 578 1911 apponi,
598 1841 663 1892 tum
683 1833 766 1913 qnod
785 1831 954 1914 Nicephoro
976 1830 1110 1891 debitam
1125 1829 1185 1892 lio·

99 1932 195 1976 norem
208 1915 371 1996 praetexite
385 1914 527 1976 caverint.

173 1993 267 2081 Ἑνῶχ
276 1993 434 2085 peripteroe
446 1999 542 2082 inin]
558 2000 732 2062 Obliteratie
747 2000 781 2061 in
794 1999 856 2062 MS.
877 1996 982 2060 Enoch
1000 2000 1085 2061 annia
1100 2000 1185 2061 locne

100 2102 197 2145 eornm
209 2084 332 2165 punctie
348 2085 559 2147 internatalnr.
580 2080 654 2169 φξβ.
675 2087 763 2167 poeni
774 2085 805 2145 in
822 2089 968 2165 margine,
990 2095 1063 2163 quot
1076 2084 1185 2146 editio·

99 2167 143 2228 nie
164 2169 268 2246 Regiae
289 2170 471 2231 Anaetaeine.
507 2171 678 2232 correctior
699 2179 798 2231 tomen
819 2180 863 2230 eet
884 2168 1053 2247 marginalia
1072 2171 1134 2230 eine
1155 2179 1186 2231 ot

99 2250 242 2312 Uiecellae
256 2253 345 2312 lectio
361 2256 432 2319 165.
456 2273 546 2334 quam
561 2255 677 2336 paritor
691 2255 814 2314 Contine
828 2254 964 2315 exhibet:
984 2255 1117 2314 llrronca
1129 2275 1186 2336 pe-

100 2337 176 2398 nitne
188 2336 329 2417 Scaligeri
340 2330 397 2419 pe‘.

176 2422 247 2501 Peg·
268 2425 342 2490 396.
363 2418 450 2485 Karai
469 2417 541 2499 rode
559 2414 595 2488 o'.
611 2420 661 2503 len
686 2416 804 2508 flend]
827 2424 977 2484 Summam
998 2422 1077 2484 hanc
1097 2423 1187 2484 Nice-

99 2503 269 2589 phorienam
285 2506 411 2568 Contine
430 2518 531 2569 cenent
552 2509 765 2568 emendandam
780 2507 811 2567 in
827 2508 950 2574 niteram
964 2529 1038 2588 qnae
1060 2529 1098 2569 ex
1120 2509 1188 2569 rin-

99 2591 364 2671 gnlieGencarchia
377 2593 532 2674 conenrgit
543 2588 644 2677 βσξβ.
664 2613 702 2653 ne
717 2601 786 2674 poet
802 2593 965 2669 dilnvimn,
986 2596 1099 2672 inquit,
1121 2594 1188 2652 lda-

98 2675 208 2739 tlineele
219 2677 359 2739 videntne
367 2688 515 2740 mortnne.
538 2679 631 2739 Prave
643 2678 692 2738 rel
708 2687 790 2738 recte
801 2678 844 2738 ite
859 2676 1186 2757 eenecritllicopliorne,

99 2781 158 2823 non
179 2750 323 2823 diecutio:
344 2762 389 2823 ita
410 2762 564 2845 ecripeieeo
579 2784 616 2823 cx
630 2762 762 2842 legendie
783 2783 850 2844 pag.
871 2762 941 2829 404.
963 2762 997 2824 Α.
1020 2762 1186 2837 contend03

99 2867 155 2926 qne
172 2847 323 2908 dilnvium
344 2849 380 2908 ed
404 2868 514 2909 anirum
529 2871 546 2908 a
560 2847 665 2910 mnndi
681 2849 806 2907 coirditn
828 2848 920 2914 2242.
941 2846 1020 2925 figit,
1043 2856 1073 2906 ct
1092 2867 1188 2906 eneioe

97 2942 175 2992 retro
191 2934 285 3000 2242.
303 2931 411 3014 poeitie
428 2933 467 2995 ed
485 2933 593 2994 tn'rrim
607 2932 820 3013 Babylonicam
836 2930 1189 2998 525.tumn1ttmtna

98 3016 263 3076 dimidiatae
280 3018 420 3078 victimae
437 3018 504 3077 aliia
520 3019 592 3086 425.
611 3028 642 3078 et
664 3017 782 3078 tandem
796 3015 834 3076 ad
846 3015 1007 3075 Abraiiami
1020 3014 1097 3076 diem
1114 3017 1188 3076 nlti-

97 3118 175 3160 ennm
193 3100 280 3160 ennie
295 3107 347 3170 76.
363 3123 508 3163 enminam
522 3106 615 3170 3268.
633 3104 720 3163 nullo
734 3101 853 3180 negotio
866 3099 990 3175 colligit.

179 3187 301 3248 Katvtie
324 3182 485 3267 γενόμενος
508 3186 585 3251 ἐτῶν
606 3183 698 3271 ply‘.]
729 3184 901 3267 lanatarius
919 3182 1038 3262 ltcgine.
1067 3177 1188 3245 aarum

94 3271 200 3350 faetere
214 3289 367 3339 annorum
381 3281 498 3330 centrcm
514 3273 654 3349 triginta.
675 3270 775 3329 Contii
788 3278 818 3328 et
831 3268 979 3328 iliecellae
993 3267 1092 3330 lectio.
1116 3265 1190 3333 cat·

96 3377 158 3418 nan
169 3365 265 3417 nataae
277 3375 359 3414 meno
372 3358 441 3423 180.
461 3354 500 3414 Et
512 3353 585 3413 haec
601 3353 769 3415 correctior
783 3353 860 3413 infra
874 3351 1056 3433 probabitur.

179 3432 438 3525 Zoiieyeeo‘gevoa
452 3437 528 3503 droia
542 3433 631 3521 pty'.]
653 3439 828 3500 Anaetaeiue
845 3439 969 3520 Regina,
988 3438 1137 3519 dliacella,
1158 3445 1190 3500 ot

96 3524 217 3589 Contine
230 3544 325 3586 annor
343 3528 414 3592 130.
430 3522 613 3585 emendatior
628 3525 771 3586 raserunt.

165 3607 260 3693 Ἔβερ
279 3602 527 3693 reclamatum
541 3602 625 3691 pty'.]
648 3611 734 3670 Parce
753 3617 855 3669 namt
873 3608 1044 3668 dnaetaeine
1059 3607 1187 3685 ltegiuee

95 3694 193 3756 contii
207 3705 237 3756 et
243 3695 393 3757 Mieeellae
405 3702 566 3774 computus
581 3695 651 3762 134.
664 3715 703 3755 ex
719 3695 848 3755 lectione
867 3694 1004 3773 vulgatae
1016 3698 1068 3762 70.
1088 3693 1188 3753 lnter-

95 3790 213 3859 pretnm
229 3780 390 3857 editionie,
410 3789 443 3840 et
456 3799 519 3839 non
537 3778 575 3838 ad
590 3779 754 3862 Nicephori
768 3787 905 3840 mentem.

180 3861 280 3927 caetu
294 3861 451 3947 γενόμενος
471 3862 547 3928 ἐτοῖν
565 3861 648 3947 pty'.]
680 3863 869 3943 Anaetaaine,
889 3860 1035 3937 lliecclla,
1055 3867 1086 3919 et
1105 3857 1190 3920 Con·

95 3945 153 4009 tine
168 3951 241 4014 130.
257 3947 372 4010 ethaeo
389 3949 479 4011 lectio
494 3948 659 4030 probatior.

95 4029 284 4181 Μὲῧαγαέ
303 4030 460 4118 γενόμενος
479 4033 555 4100 tmv
576 4029 660 4119 ptest}
684 4032 732 4096 lte
746 4031 854 4115 Regiae
873 4030 1008 4092 duratae.
1025 4027 1148 4090 Contine
1162 4038 1193 4090 et

126 4115 134 4130 '
207 4138 226 4174 a
241 4120 258 4182 1
282 4122 311 4183 2

177 4196 297 4282 Zepoo'z
318 4196 478 4283 peripteroe
493 4201 568 4268 ireir
584 4197 669 4288 piri]
688 4202 831 4282 lleginm,
852 4195 1032 4273 lliecellam,
1055 4204 1085 4258 et
1105 4196 1189 4259 Con·
1205 4209 1239 4266 V.
1251 4209 1287 4266 79

96 4287 168 4350 tiam
182 4284 271 4349 emeie
286 4290 315 4353 8.
333 4288 461 4347 excedit.

167 4368 248 4453 ”ram
259 4364 372 4456 pram]
394 4370 525 4450 Scaliger
542 4369 684 4431 ineredoee
696 4362 796 4453 prnd'.
814 4364 938 4428 Coirtine
953 4385 1022 4426 cnm
1037 4367 1191 4429 dnaataeio
