2946 4996
553 417 853 488 DlSSERTATIO.
1194 411 1245 488 45

152 589 323 641 unaarum
346 576 564 661 scripturaram
582 576 666 638 hunc
685 576 796 637 librum
816 583 1056 658 computarent,
1078 574 1245 661 (Hierony-

151 687 219 727 mus
238 665 271 724 in
294 666 419 745 praelat.
442 665 482 723 ad
502 659 722 742 thalulim),
752 661 1076 722 Pseudo-Athanasius
1096 664 1243 743 epitomae

150 769 251 810 sacrae
270 750 439 830 scripturae
459 749 577 821 inserit3
606 747 791 821 Augustinus
808 758 842 806 ut
857 747 966 807 librum
984 747 1162 809 canonicum
1177 770 1243 810 ms-

149 844 258 909 morat,
278 855 314 894 ac
328 836 450 894 tertium
465 833 630 894 Concilium
646 831 886 912 Carthaginiense
900 851 980 893 anno
991 837 1055 902 397
1068 853 1175 896 canon.
1190 835 1244 902 47.

148 920 181 979 in
198 940 343 1010 canonem
356 919 479 1000 recepit.

233 1023 292 1082 lies
305 1029 401 1101 gestas
416 1019 645 1080 fortissimorum
658 1017 753 1096 gentis
766 1017 904 1079 Iudaicae
916 1018 1051 1096 heroum,
1073 1019 1142 1080 dico
1155 1021 1242 1081 Mac·

147 1106 294 1182 cahaeor,
316 1107 422 1181 latius,
442 1105 488 1164 uti
508 1105 660 1184 expectari
679 1113 814 1184 poterat,
838 1104 983 1179 Georgius
1002 1106 1167 1182 enarravit,
1190 1126 1241 1166 ea-

146 1192 275 1271 demque
289 1191 405 1271 saepius
423 1200 560 1269 repetens
578 1189 672 1250 libras
690 1188 746 1248 sub
767 1188 887 1249 nomine
902 1188 1142 1250 Maccahaeorum
1161 1200 1241 1251 totos

145 1278 210 1338 tere
228 1275 376 1336 exhausit.
421 1279 487 1337 Τῶν
503 1272 560 1354 μὲν
576 1270 633 1355 peip
647 1269 861 1335 deauratiotem
877 1268 933 1335 οὐκ
958 1274 1032 1351 eici,
1054 1270 1192 1355 χρήσιμοι
1207 1273 1241 1339 dl

144 1355 231 1423 sesiam
248 1359 413 1437 πεφύκασι,
436 1379 501 1439 pag.
521 1361 593 1426 273.
610 1359 642 1417 C.
664 1388 707 1405 -
729 1358 873 1436 Georgius
890 1368 1023 1437 qrsatuor
1042 1359 1135 1420 libros
1150 1361 1240 1420 Mac-

144 1446 321 1505 cahaeorum
335 1453 488 1520 numerat,
509 1442 679 1503 describens
694 1462 813 1522 quoque
826 1462 900 1521 quae
912 1444 945 1501 in
956 1442 1033 1502 libro
1047 1454 1153 1523 quarto
1167 1464 1239 1504 con.

141 1540 229 1590 tenta
243 1530 362 1590 suerint.
397 1529 548 1604 „Quartus
560 1528 645 1603 liber,
661 1548 725 1608 pag.
739 1531 810 1594 293.
827 1527 859 1587 l).
872 1527 923 1602 ait,
944 1528 1069 1588 eximius
1082 1538 1135 1605 est,
1157 1529 1240 1607 quod

140 1615 226 1696 piam
253 1613 461 1691 cogitationem
482 1611 668 1693 passionibus
684 1612 866 1692 superiorem
888 1631 950 1671 esse
970 1612 1073 1689 docet,
1100 1613 1239 1694 qnodque

140 1701 339 1759 certationem
356 1698 512 1775 describit,
534 1718 623 1777 qaam
641 1705 753 1776 septem
769 1697 876 1755 fratres
900 1715 969 1754 cum
984 1706 1078 1755 matre
1094 1698 1238 1758 exhause-

138 1784 222 1861 rint,
249 1783 438 1864 temporibus
464 1781 607 1842 Ionathae
633 1779 799 1839 Maccabaei
821 1791 851 1839 et
871 1780 970 1840 fratris
993 1780 1154 1841 Simonis.”
1197 1783 1237 1844 Er

136 1889 209 1951 pag,
235 1874 309 1936 279.
331 1868 380 1925 B.:
411 1864 604 1941 „Antiochus
625 1862 795 1944 Epiphanes
819 1863 931 1943 ingenti
952 1875 1099 1944 apparatu
1116 1866 1236 1941 bellico,

138 1954 221 2032 agris
235 1952 362 2014 vastatis
376 1949 611 2029 Hierosolymam
632 1968 785 2028 aggressus
810 1958 856 2008 est
874 1968 952 2007 anno
968 1950 1029 2016 143
1043 1951 1126 2030 regni
1141 1952 1238 2010 Grae-

137 2056 264 2096 corum:
291 2055 349 2115 quo
364 2043 498 2116 tempore
514 2043 544 2094 et
559 2034 704 2094 Eleazaris
720 2042 750 2093 et
765 2042 878 2112 septem
898 2053 1060 2112 puerorum
1074 2055 1109 2094 ac
1129 2036 1234 2096 matris

138 2140 248 2182 eorum
273 2119 449 2200 martyrium
468 2117 607 2197 contigit,
639 2118 683 2177 uti
705 2117 737 2175 in
759 2127 865 2196 quarto
895 2118 971 2176 libro
992 2117 1235 2181 Maccahaeorum

136 2208 321 2266 namatur.'’
363 2204 430 2280 Pag,
445 2207 515 2269 286.
532 2203 563 2261 C.
580 2201 728 2278 „Eleazar
742 2201 879 2280 magister
893 2206 1078 2282 puerorum”
1093 2205 1234 2265 nemina-

137 2300 201 2352 tur.
217 2322 263 2338 -
283 2288 365 2347 liaec
379 2306 442 2346 eam
456 2287 495 2345 ob
510 2305 631 2345 causam
644 2285 792 2345 enatanda
806 2306 868 2346 esse
882 2285 955 2345 mihi
967 2286 1031 2346 visa
1043 2299 1130 2365 sunt,
1152 2289 1233 2368 quod

135 2384 169 2436 et
183 2384 287 2455 patrea
300 2370 488 2431 ecclesiastici
502 2369 588 2455 latini
610 2370 719 2431 librum
736 2379 873 2450 quartum
886 2363 1128 2433 Maccahaeorum
1144 2375 1233 2454 plane

136 2479 204 2519 non
222 2465 476 2534 commemorant,
504 2466 535 2516 et
547 2457 659 2534 graeci,
681 2457 732 2535 qai
748 2456 897 2516 interdurn
916 2456 1037 2536 quidem
1049 2459 1231 2521 mentionem

133 2543 208 2605 hbri
221 2542 371 2616 inierunt,
392 2560 454 2600 non
467 2550 607 2601 accurate
619 2540 805 2617 describunt,
829 2559 904 2620 quae
918 2542 951 2599 in
966 2562 1001 2602 eo
1014 2552 1153 2603 contenta
1166 2545 1231 2603 sue·

131 2627 209 2690 rint·
244 2627 307 2686 cfr.
323 2625 450 2684 Cotelier
462 2625 495 2684 in
510 2625 590 2684 natis
603 2625 641 2684 ad
655 2625 788 2683 Canones
803 2626 981 2703 apostolicos
992 2646 1058 2706 pag.
1075 2632 1144 2693 117.
1159 2631 1230 2694 118.

130 2716 209 2781 338.
222 2742 266 2756 -
284 2711 379 2789 lgitur
389 2717 522 2790 tempore
534 2708 692 2769 recentiori
707 2709 856 2768 aliialium
872 2710 981 2769 librum
993 2712 1230 2792 manuscriptum
1255 2738 1258 2743 ⁴

128 2791 1229 2959 hiliriihffliii{iiiiii''iiiiiili'itrliiihqiiii

127 2974 240 3026 sancta
257 2963 325 3024 libr.
340 2962 362 3022 1.
377 2982 444 3043 pag.
462 2966 512 3030 39.
525 2961 679 3024 historiam
695 2963 812 3023 loannis
825 2961 977 3042 Hyrcani,
1000 2983 1088 3043 quam
1103 2965 1180 3025 sorte
1194 2966 1229 3025 ia

125 3047 322 3111 Bibliotheca
339 3048 438 3108 Santis
453 3048 577 3127 l‘aguini
596 3068 699 3126 graece
715 3049 947 3129 manuscriptam
967 3046 1140 3131 repererat.)
1181 3050 1229 3110 Ex

124 3134 193 3197 laec
209 3142 310 3194 autem
326 3131 395 3192 loco
410 3132 563 3205 discimus,
586 3133 705 3211 Georgii
721 3142 854 3215 tempore
866 3132 976 3193 librum
988 3133 1076 3194 illum
1088 3131 1157 3217 περὶ
1172 3128 1228 3197 assi-

123 3213 987 3382 :tritttlttttttttm‘itttttMittite
1000 3217 1227 3381 iiiiaiiii

442 3346 452 3377 ἰ

121 3385 1122 3553 ttrttttttttttttttttritt?'tttlsstttttttttl
1134 3397 1227 3532 iai}

120 3557 254 3619 additus
275 3564 336 3619 en:
365 3575 425 3635 qao
448 3555 516 3614 loce
539 3555 572 3614 in
592 3557 746 3617 nonnullis
770 3575 890 3636 quoque
908 3556 994 3617 libris
1014 3557 1225 3637 manuscriptis

118 3643 252 3722 legitur.
301 3640 362 3705 ctr.
386 3639 510 3701 Calmti
530 3639 748 3703 Dictionarium
769 3641 916 3702 Biblicnm
945 3641 979 3702 in
1007 3659 1083 3705 voce
1103 3641 1224 3702 Macca-

117 3726 283 3791 baeoram.

216 3825 292 3887 Dein
313 3825 443 3888 alienum
464 3834 526 3905 est,
552 3825 636 3905 quod
655 3825 689 3886 in
711 3824 877 3906 Georgiana
898 3824 1141 3908 chronographia
1158 3845 1223 3888 non

117 3908 222 3974 semel
233 3909 355 3989 legitur:
377 3912 540 3989 „librorum
555 3909 777 3987 dellaccahaeis
788 3922 938 3973 auctorem
954 3933 1018 3974 ease
1033 3909 1220 3992 losephura,”

115 4013 281 4078 quumque
292 3993 374 4055 hunc
388 3995 548 4078 losephum
563 4018 624 4056 non
639 3996 776 4079 pluribus
795 3997 895 4057 verbis
911 3997 1067 4067 describit,
1090 3995 1221 4075 cogitsrs

114 4079 285 4153 debemus,
305 4097 367 4139 esse
387 4080 544 4162 Iosephum
561 4080 747 4142 historicum.
789 4083 856 4161 Pag.
873 4083 945 4150 249.
959 4082 1002 4140 D:
1029 4076 1066 4143 sd
1090 4077 1123 4143 di
1145 4076 1223 4162 perci

112 4166 223 4230 rasis«
229 4156 385 4243 ruffina
399 4160 422 4246 ἢ
435 4165 606 4249 πραχθέντα
613 4162 660 4251 ²⁷)
676 4171 740 4241 soie
753 4159 907 4242 Ἰουδαίοις
922 4161 1092 4243 d'lo'opcoe
1110 4163 1145 4229 ir
1156 4171 1219 4241 τοῖς

152 4327 210 4397 27)
225 4325 415 4411 temperata
430 4327 585 4384 editionibus
599 4330 770 4386 baecrsrbas
785 4346 808 4386 ι
958 4326 1022 4392 lose
1034 4329 1218 4399 trichiae

193 4410 406 4466 caganum
420 4401 481 4464 τοῖς
495 4394 654 4466 Ἰονῠαίοιςτ
672 4416 749 4473 quae,
763 4401 792 4455 ai
850 4416 890 4463 os,
902 4398 1053 4469 Mutari·
1064 4406 1131 4453 sanc
1149 4398 1217 4453 Nan
