2864 5004
387 409 446 476 ET
467 408 816 481 ANNOTATIONES·
923 426 928 441 ·
1073 400 1149 475 418

89 579 125 626 nt
137 569 165 626 in
177 567 296 626 Horon.
324 565 363 625 Et
378 586 443 647 cop.
459 570 508 636 12
528 587 559 628 r.
573 570 604 635 4.
637 571 838 651 Septuaginta
854 571 987 649 quinque
999 587 1150 628 annorum

89 664 143 709 not
155 652 265 710 Adrum
279 671 496 729 conregnemus
509 662 553 711 eet
565 652 602 711 de
613 655 734 719 Horon.
769 655 815 714 Ex
828 651 877 713 his
896 651 1029 714 Abrnhse
1046 662 1075 711 et
1095 671 1150 731 ge-

88 745 186 795 etorum
201 737 262 795 eius
276 756 414 817 praesens
431 737 507 797 rstio
523 737 683 816 colligitur.
719 738 865 799 Abrohom
879 738 970 820 petris
982 736 1080 797 'thore
1092 758 1152 797 on·

89 839 120 879 no
132 827 177 886 70.
192 820 272 879 venit
287 821 319 880 in
335 822 448 898 lucem,
470 822 573 882 setetis
584 842 656 883 vero
670 823 814 905 proprior
823 843 901 882 snno
914 825 964 887 75.
985 841 1022 881 ex
1038 821 1148 897 Horon,

88 903 130 962 ubi
147 925 208 964 eum
229 913 312 984 petre
334 906 522 982 morabatur,
544 907 703 967 discessum
721 907 857 988 pererit,
886 916 916 966 et
930 907 1027 966 sotum
1047 907 1150 980 verrit,

88 988 166 1068 petris
180 987 273 1049 'litere
294 1010 373 1049 onrro
397 992 466 1057 145.
486 991 548 1071 ipse
563 992 659 1053 'thore
681 993 789 1053 deinde
804 992 841 1052 nd
859 1012 952 1051 sunot
968 992 1038 1057 205.
1055 990 1149 1050 vitoni

88 1072 231 1152 produxit,
251 1084 320 1133 onte
333 1075 426 1154 patris
441 1076 531 1152 igitur
543 1078 658 1137 obitum
679 1087 709 1136 et
725 1099 818 1137 sunos
837 1076 900 1137 eius
920 1075 1000 1135 vioe
1023 1083 1150 1156 postre-

87 1176 139 1214 nos
155 1164 201 1223 60.
216 1178 253 1216 ex
268 1159 368 1218 iloron
384 1160 414 1218 in
435 1161 561 1220 olienonr
580 1172 689 1221 terram
708 1164 805 1222 fueret
826 1158 971 1221 Abrohom
986 1160 1149 1240 proiectus.

87 1238 124 1300 En
136 1253 224 1300 temen
241 1254 277 1302 ut
288 1248 415 1303 Actuurn
429 1250 459 1310 7.
476 1266 506 1308 v.
522 1246 551 1312 4.
567 1246 734 1326 Stephanus
748 1247 861 1328 Spiritu
876 1246 982 1325 plenus
999 1253 1029 1303 et
1041 1243 1150 1323 imput-

88 1343 143 1401 sut,
161 1327 196 1386 ed
211 1326 334 1387 leretseos
347 1329 438 1388 verbs
455 1331 580 1391 seriens:
600 1332 770 1405 Atratum,
786 1332 837 1407 eit,
848 1330 999 1388 dubitarit
1015 1331 1049 1386 in
1064 1328 1151 1387 Clen-

87 1428 147 1482 run,
165 1412 224 1470 sive
243 1412 353 1476 Horon.
394 1415 436 1472 Et
457 1414 527 1473 inde
547 1429 711 1496 postquem
735 1429 873 1474 mortuno
897 1426 939 1473 eet
956 1424 1048 1494 poter·
1073 1415 1149 1485 eius,

87 1498 225 1554 transtulit
238 1497 327 1557 illum
340 1501 428 1557 Deus
447 1504 481 1557 in
500 1510 612 1559 terram
633 1505 723 1559 iotam
731 1546 740 1576 ‚
762 1504 796 1558 in
809 1520 871 1580 qua
891 1519 944 1559 rot
957 1518 1040 1557 nnnc
1052 1496 1151 1556 leubi-

87 1582 156 1637 tetis.
196 1582 348 1641 durnerunt
367 1586 436 1650 185.
452 1584 570 1644 tenebot
584 1590 738 1646 numerum
753 1584 919 1655 Abrohom,
943 1603 1011 1642 euro
1030 1591 1150 1663 petere

86 1663 137 1720 rite
149 1663 291 1723 discessit:
312 1688 373 1725 non
390 1667 482 1745 igitur
493 1671 546 1735 75.
566 1670 647 1730 vitre
660 1691 739 1729 enno
759 1668 880 1729 transiit
896 1667 1051 1727 interram
1070 1663 1150 1725 cto-

85 1765 161 1806 nsou:
182 1759 230 1806 ont
246 1751 272 1807 si
288 1771 323 1809 eo
343 1761 475 1831 temporo
489 1754 639 1832 profectus
659 1764 720 1825 est,
741 1775 801 1813 non
817 1752 907 1831 igitur
919 1760 1003 1833 putre
1017 1760 1148 1825 mortuo,

86 1834 257 1893 coniectatio
280 1836 352 1901 135.
369 1846 547 1898 numeraret.
589 1838 624 1898 in
642 1838 700 1898 leno
719 1840 830 1897 fumoso
849 1836 1019 1913 quaestione
1033 1843 1062 1892 et
1074 1833 1151 1913 plu·-

85 1915 150 1974 n'urn
163 1918 291 1976 examine
303 1920 460 1994 ventilato,
484 1923 641 1980 memoriae
661 1924 775 2000 lapsum
790 1941 828 1981 ex
847 1919 1000 1978 concionis
1017 1927 1102 1978 seotu
1116 1917 1150 1976 in

86 2000 217 2078 Stephano
231 2002 328 2059 Contu
344 2014 445 2061 noster
460 2003 604 2062 sdmittit:
626 2004 678 2063 sed
697 2025 765 2064 curu
786 2005 892 2083 plenus
912 2013 1016 2062 sorrcto
1033 2000 1150 2082 Spiritu

86 2080 250 2160 loqueretur,
272 2105 290 2141 n
311 2086 406 2161 isngili
427 2085 581 2146 hominum
604 2099 684 2148 sorte
708 2099 738 2147 et
758 2088 930 2148 infirmitate
951 2085 1151 2146 vindicandus

85 2175 122 2222 est
140 2166 189 2224 ttei
215 2188 321 2248 praeco
348 2179 378 2228 et
401 2170 593 2247 Evangeticno
614 2174 748 2232 veritatis
771 2182 901 2232 assertor
921 2177 951 2238 2
978 2173 1079 2231 Annos
1095 2170 1150 2237 75.

83 2249 214 2310 Abrohom
227 2253 426 2332 Hieronymus
440 2255 470 2314 in
483 2259 602 2328 Quaen.
616 2257 705 2318 liebr.
722 2277 782 2315 non
798 2257 889 2317 sentit
902 2255 938 2313 ob
953 2276 987 2315 eo
998 2263 1149 2326 momento

84 2353 134 2410 quo
145 2335 236 2395 lucem
248 2340 382 2418 aspexit,
405 2342 619 2417 numerandos,
641 2343 694 2401 sed
707 2361 766 2420 quo
784 2341 904 2422 repulso
919 2338 1065 2399 idolorum
1081 2340 1150 2398 cul-

82 2425 112 2476 tu
123 2438 198 2478 suom
216 2440 282 2499 ergo
296 2441 401 2481 rerum
424 2424 514 2483 iteum
534 2426 621 2484 fidem
645 2435 674 2485 et
690 2426 862 2504 religionem
876 2424 1016 2484 nuclerius
1030 2426 1150 2504 proies-

80 2520 123 2560 sut
135 2513 190 2578 est,
211 2507 290 2583 quud
306 2507 437 2566 norrdum
454 2519 538 2588 petre
554 2510 629 2569 viris
645 2520 746 2591 erepto
767 2510 938 2586 contingere
958 2508 1076 2581 debuit,
1095 2528 1150 2569 eo-

80 2605 130 2662 que
150 2587 303 2663 det'nncto,
325 2600 355 2649 et
375 2593 426 2654 75.
444 2613 506 2650 non
527 2594 620 2668 riteo,
642 2596 695 2653 sed
708 2595 877 2673 pubiicntee
896 2593 965 2651 iidei
986 2596 1089 2666 ennio,
1110 2611 1149 2650 ex

79 2667 213 2729 Heronio
237 2672 440 2731 Ctrsnunoeom
459 2684 493 2734 ut
517 2677 671 2753 migraret,
694 2679 788 2736 niteo
808 2685 999 2757 praeceptum
1020 2674 1149 2755 occepit.

79 2753 334 2816 incontentae
347 2778 511 2818 memorum
525 2780 618 2820 strues
629 2772 728 2820 ortum
737 2762 799 2820 eius
813 2782 873 2820 non
889 2760 977 2820 fidem
992 2760 1049 2818 toti
1062 2779 1150 2820 nsun-

79 2835 113 2894 do
127 2839 270 2917 vulgatum
287 2842 425 2921 respiciet
442 2844 614 2924 Scriptura,
635 2846 756 2924 utquid
773 2844 825 2905 hic
845 2866 908 2906 eom
924 2843 1035 2904 mundo
1049 2844 1150 2903 moni-

77 2921 215 2998 iestntsm,
237 2935 267 2984 et
281 2926 318 2984 sb
335 2946 368 2985 en
383 2927 524 3008 deinceps
541 2940 673 2989 exectum
687 2940 811 2990 oetatem
826 2927 1148 2990 connotsesediceturi

76 3008 103 3070 ‘d
121 3008 262 3069 Abrelnm
279 3031 358 3069 ιιιιιο
371 3013 465 3092 petris
479 3012 574 3073 'slssre
590 3015 748 3073 centesimo
763 3025 793 3074 et
813 3014 964 3075 tricesimo
977 3023 1081 3072 netum
1094 3034 1145 3073 ns·

77 3092 142 3149 serit
156 3096 238 3152 tertio
252 3098 412 3156 sententie:
433 3095 567 3158 hisvero
584 3101 748 3178 scripturae
761 3099 874 3171 verbim
896 3101 1032 3178 sinitque
1051 3097 1147 3156 mare

76 3177 122 3238 to
139 3180 224 3235 annio
248 3191 275 3236 et
293 3184 401 3256 gennit
426 3182 558 3257 Adrum,
580 3183 720 3243 subtilius
742 3204 831 3262 quom
847 3181 948 3243 verius
970 3182 1145 3262 respondete

75 3276 131 3318 non
144 3270 213 3321 tunc
227 3263 372 3323 Abrohom
385 3276 489 3325 tuntum
506 3267 610 3336 asseri,
633 3268 685 3327 sed
698 3278 814 3327 tontum
831 3267 893 3327 eius
913 3275 1031 3347 petrem
1049 3265 1147 3327 There

75 3352 137 3402 ente
149 3350 196 3412 70.
214 3368 326 3407 annum
339 3369 375 3409 ex
388 3350 487 3410 tiberio
502 3350 649 3412 Abrohom
664 3351 783 3413 Nnclror
796 3361 825 3412 et
838 3353 928 3412 Arum
945 3351 1062 3411 nullum
1076 3371 1147 3411 sus·

74 3429 192 3507 open,
217 3452 277 3511 quo
300 3436 465 3514 susceperit
486 3434 605 3496 Nschor
632 3447 662 3496 ot
682 3439 770 3497 tirum
790 3457 852 3496 non
877 3445 978 3516 operte
998 3445 1147 3511 comtos-c,

73 3509 210 3574 tunnam
229 3515 326 3580 'shore
347 3523 416 3585 100.
433 3520 601 3600 gundoeno
616 3532 719 3581 notum
738 3521 965 3595 affirmandum,
985 3529 1020 3580 ut
1038 3520 1146 3580 deinde

72 3598 118 3663 75·
132 3600 206 3659 riteo
225 3621 305 3660 sono
325 3603 363 3662 sd
384 3603 570 3665 Cbsnsneeos
589 3607 755 3686 profectum
770 3606 922 3687 Scriptura
941 3607 1074 3686 potuerit
1096 3614 1147 3664 te·

71 3683 146 3743 uon.
186 3687 231 3744 dn
245 3686 368 3766 effugiet
384 3690 434 3748 vel
450 3690 557 3751 enodet
571 3690 794 3766 difficultotenr,
816 3689 890 3751 hoec
904 3691 1060 3764 sententio,
1074 3708 1147 3748 rer·

72 3761 106 3821 bs
122 3769 289 3850 scripturae
308 3774 427 3853 proprie
449 3795 483 3832 oc
497 3796 650 3854 germone,
672 3776 698 3835 si
714 3776 791 3836 nihil
805 3775 896 3851 obsit,
918 3772 1147 3855 interpretanti-

72 3844 347 3917 butdiseutiendum
361 3859 508 3938 relinquo.
537 3863 568 3924 4.
590 3862 648 3920 Alii
668 3881 735 3919 curn
751 3861 913 3940 Augustino
928 3880 989 3919 non
1010 3876 1099 3917 unum
1113 3854 1147 3913 in

73 3928 304 4000 Chousnmorum
315 3943 465 4022 regionem
482 3942 990 4024 Abrahaestatuuntproseetionem,
1010 3941 1063 3999 sed
1078 3939 1147 4018 ptu-

70 4032 129 4077 Νι
153 4024 259 4099 quibus
281 4026 421 4087 nimirum
443 4047 511 4108 erge
535 4038 651 4111 petrem
672 4030 791 4109 pietetis
814 4029 914 4089 officie
938 4026 1146 4107 pereotutunes

70 4116 275 4184 ¹wttuttnqnem
290 4109 348 4171 iret
366 4132 401 4171 se
416 4122 634 4175 revertereturt
654 4114 840 4194 primumque
860 4111 955 4172 exeis
971 4129 1049 4168 ιιιιιο
1067 4108 1145 4167 vitoe

70 4185 117 4248 75·
129 4201 302 4270 susceptum,
323 4206 504 4275 postremum
518 4218 607 4276 roro,
628 4218 688 4279 que
702 4198 837 4258 stsbitom
851 4198 885 4255 in
902 4194 1145 4255 Chsnsnoeorum

70 4273 143 4366 ittet
161 4292 275 4334 morsm
296 4280 370 4356 egit,
397 4291 481 4362 petre
498 4292 634 4359 mortuo,
660 4283 748 4341 iuxte
767 4279 910 4360 Stephsni
932 4277 1144 4352 testinnonium,

71 4368 162 4419 *nmo
172 4357 231 4419 sibi
247 4358 339 4424 tuine
354 4363 511 4434 decretum.
546 4364 666 4431 dthsoc
678 4367 760 4428 ultro
775 4366 911 4445 citroque
921 4363 1060 4427 enuntio
1075 4380 1145 4422 cuns
