2946 4996
565 419 817 489 PRAEFATIO.
1187 413 1234 485 61

148 582 353 657 munerasse,
372 591 401 637 et
416 599 517 639 eorum
532 588 665 658 tempora
684 589 712 636 et
732 598 829 637 annos
847 582 965 659 egregio
983 575 1087 636 ordine
1104 577 1239 660 tegessis

149 667 241 724 Fsains
252 684 320 723 rero
338 684 410 724 curra
429 667 511 724 vitoe
525 666 649 722 termino
665 674 859 742 pruereptus,
883 664 927 722 oti
941 665 1133 742 propositum
1142 666 1239 743 finem

150 770 209 809 non
223 753 363 828 potuerit
383 770 462 829 opus
480 752 629 828 inceptum
642 746 819 827 perducere,
840 746 909 825 sed,
931 759 965 808 ut
979 752 1239 826 praemonuimus,

148 836 272 912 seriptis
293 831 483 894 solumnodo
505 855 581 914 quus
595 834 782 892 Diocletiani
800 837 956 913 attingunt
978 842 1122 906 aetatem,
1142 837 1240 894 ritum

148 918 229 976 borae
242 919 403 977 mortalem
421 917 566 993 deseruit,
589 929 616 975 et
635 938 703 975 etun
718 929 799 976 recto
811 917 880 996 fide
898 917 942 976 ad
956 920 1123 977 Dominum
1135 921 1240 998 prefit-

149 1014 237 1076 etus,
269 1003 459 1062 nstitutus
483 1002 694 1061 sincerioribus
714 1004 841 1080 noricis,
871 1001 956 1082 qrtotl
968 1004 1080 1080 fiterut
1104 1005 1239 1078 molitus,

149 1108 226 1166 opus
238 1089 447 1167 imperfectum
461 1088 556 1146 simul
568 1089 705 1167 reliquit,
727 1098 757 1146 et
777 1099 828 1162 ut,
850 1110 929 1166 quoe
944 1085 1167 1164 desiderantur,
1187 1088 1240 1146 ab·

150 1172 332 1231 solveremus
353 1172 494 1251 praebuit
523 1184 746 1253 orgrtmentuna.
802 1176 848 1232 bn
882 1170 1001 1232 Eusebii
1034 1172 1240 1233 insitummodo

150 1256 337 1336 exscriptor,
370 1276 409 1314 an
433 1276 494 1316 non
525 1257 625 1338 potius
652 1277 807 1336 gennanus
830 1254 1089 1336 chronographiae
1113 1257 1242 1337 scriptor

151 1340 298 1419 Georgius
319 1341 494 1420 syncellus,
523 1342 572 1421 qui
594 1341 676 1422 qusai
694 1362 739 1401 ex
761 1342 851 1402 ubero
871 1352 967 1420 segete
991 1361 1083 1401 messe
1105 1341 1240 1417 collecte,

150 1440 213 1485 non
230 1443 270 1484 ex
288 1444 347 1484 uno
370 1426 421 1486 vel
441 1426 606 1501 nonnullis,
624 1426 724 1488 sodex
739 1438 895 1487 suetorum
911 1426 1031 1508 copioso
1047 1445 1178 1502 numero,
1200 1424 1243 1500 oie

152 1503 254 1584 alten
268 1506 358 1582 illoc
370 1513 431 1573 seir
445 1507 503 1592 noi
520 1505 616 1574 edroi
623 1558 632 1587 ‚
653 1512 809 1593 proprium
825 1509 948 1591 isloyrie
968 1510 1105 1570 volumen
1119 1530 1242 1591 conspo-

151 1593 235 1653 auit'l
257 1594 343 1654 Certe
353 1595 423 1674 styli
443 1595 616 1666 diversitos,
638 1617 699 1655 uon
710 1597 836 1677 simplex
851 1595 1073 1676 compositionis
1087 1595 1171 1670 ordo,
1187 1614 1242 1655 vo-

151 1678 227 1737 riatn
243 1698 364 1757 quoque
376 1681 558 1759 frequentius
572 1681 713 1760 temporis
728 1680 903 1740 numerandi
920 1680 1011 1751 rado,
1034 1690 1169 1738 auctores
1190 1700 1241 1759 ps-

151 1762 226 1824 riter
247 1764 399 1838 diversos,
421 1781 481 1823 non
503 1783 597 1824 unum
613 1765 731 1824 Eusebii
750 1764 886 1823 menibus
906 1773 1055 1823 vernolum
1075 1780 1167 1842 opus,
1188 1761 1242 1823 ssd

151 1846 266 1905 vanata
293 1848 472 1926 scriptorum
495 1858 704 1924 monuments,
733 1868 808 1928 quse
828 1848 883 1906 sibi
903 1847 1074 1908 adiumento
1098 1846 1243 1925 Georgius

152 1930 297 2005 adscivit,
320 1932 418 2012 pslntn
440 1941 584 2011 arguunt3
606 1934 679 1993 odeo
695 1943 728 1993 ut
751 1953 811 1991 non
832 1932 873 1991 its
890 1953 1015 1991 coincors
1032 1942 1061 1990 et
1075 1932 1130 1990 sibi
1147 1932 1244 1992 simile

154 2035 208 2097 per
223 2024 398 2075 contextum
418 2036 535 2077 omnem
549 2037 612 2078 seso
630 2019 737 2078 relerot
758 2017 875 2076 Eusebii
899 2017 1084 2091 chronicon,
1106 2035 1193 2093 qnam
1210 2016 1242 2075 in

154 2101 339 2180 proferendis
353 2100 500 2181 prioribus
514 2099 708 2177 Genearcbis,
730 2100 845 2161 diluvio
860 2101 1072 2175 describendo,
1094 2101 1175 2160 Noia
1190 2121 1244 2181 po·

142 2184 288 2244 atteritste
309 2185 503 2259 recensendo,
523 2187 572 2246 rel
600 2187 753 2246 israelitici
776 2186 880 2266 populi
902 2186 933 2245 in
957 2185 1090 2264 Aegypto
1112 2184 1167 2244 sub
1190 2184 1244 2244 iu-

157 2266 292 2343 dicibus,
325 2271 381 2329 sub
413 2271 539 2349 liegibua
569 2271 724 2331 tractando
752 2271 898 2347 Historia,
933 2270 1099 2329 Gentilium
1126 2287 1243 2349 quoquc

158 2350 308 2424 onmium,
349 2355 631 2431 Asssntonueorusn,
669 2357 869 2416 Romanorum
906 2351 1080 2415 ordinandis
1111 2353 1242 2433 imperiis

158 2435 303 2513 Georgius
322 2436 470 2495 scribendi
492 2457 596 2514 genero
620 2441 805 2518 discerpens,
828 2449 856 2499 et
884 2460 900 2497 a
926 2460 987 2498 sese
1006 2436 1244 2519 deprehendatur

159 2519 282 2578 alienus.
325 2520 397 2577 Eam
410 2522 448 2579 ob
464 2539 525 2579 rens
541 2522 689 2600 ingentem
706 2524 777 2583 licet
791 2524 948 2581 Eusebisni
964 2523 1103 2581 Chroniei
1122 2533 1244 2599 portent,

159 2625 220 2663 non
240 2614 338 2662 totum
358 2625 435 2684 opus
451 2606 577 2664 Ettselrii
597 2604 721 2663 totidem
741 2606 854 2680 uerbis,
877 2617 910 2665 ut
931 2606 1035 2666 lectori
1055 2606 1185 2684 Scaliger
1199 2603 1245 2684 ¹⁷)

158 2687 301 2768 imponit,
323 2688 354 2746 in
377 2709 429 2747 suo
444 2688 591 2750 Chronico
605 2690 763 2768 Georgium
778 2690 969 2750 trosuiuslisae
988 2709 1048 2749 non
1066 2689 1177 2751 inritus
1199 2690 1246 2748 so·

158 2782 234 2847 tear;
263 2773 410 2851 integrum
431 2781 530 2832 minen
553 2775 673 2853 Georgii
693 2774 855 2835 Historiam
877 2774 1001 2834 Eusebio
1020 2773 1245 2850 retundendam,

158 2856 299 2939 Scaligeri
308 2867 450 2938 excerpta
458 2858 585 2918 Eusebio
600 2879 730 2938 quaeque
744 2859 940 2933 inscribendo,
955 2869 982 2918 et
994 2879 1029 2918 ex
1041 2858 1159 2940 Georgii
1170 2858 1245 2919 scri·

157 2943 218 3022 ptis
226 2941 384 3001 Eusebium
394 2962 478 3021 posse
489 2943 659 3003 redivivunt
674 2943 810 3020 excitari,
827 2964 882 3004 nec
896 2943 1181 3025 probibitSealiger,
1191 2963 1245 3003 nee

158 3026 280 3086 essdem
293 3027 412 3086 eruditi.
445 3028 502 3088 Sed
516 3047 572 3089 nec
586 3039 706 3090 eentum
725 3029 913 3110 expertibus
930 3028 1099 3088 mutilatum
1117 3027 1246 3103 Eusebii,

157 3109 246 3190 qualo
258 3120 364 3185 exstst,
378 3110 556 3189 chronicon,
571 3113 644 3174 adeo
659 3122 694 3175 ut
705 3136 759 3173 nec
774 3118 933 3173 centesima
944 3117 1010 3172 sites
1021 3116 1152 3191 supersit
1158 3134 1242 3193 pora,

157 3214 217 3254 nec
237 3193 355 3252 crudeli
373 3216 478 3273 genere
496 3197 664 3257 laceratum
678 3198 803 3260 cedreni
817 3199 1015 3258 ilistoriarum
1029 3197 1193 3277 synopsin,
1215 3205 1245 3257 st

157 3278 370 3358 carnificinam
384 3279 586 3340 breviatorem
597 3302 727 3362 possam,
749 3303 844 3363 neque
857 3283 991 3360 Georgii,
1013 3301 1099 3360 quem
1112 3282 1247 3342 menibus

155 3374 303 3438 ueremur,
316 3371 431 3423 textum
444 3364 487 3423 sic
503 3367 653 3443 nuetiluna,
670 3375 705 3427 ut
724 3387 762 3426 ex
777 3387 811 3427 eo
833 3368 919 3447 plura
937 3366 1143 3428 desiderentur
1156 3385 1246 3447 quem

156 3449 320 3530 supersint,
332 3467 396 3508 non
405 3449 570 3530 respuenda
580 3450 828 3511 demonstratione
839 3451 968 3530 Scaliger
981 3450 1151 3514 declarabit.
1173 3449 1245 3510 Sci-

155 3533 231 3594 licet
245 3543 314 3593 ante
332 3532 465 3614 positum
476 3534 513 3592 ab
528 3535 651 3595 Eusebio
667 3534 801 3595 lbrolns
819 3536 946 3595 notolens
959 3555 1087 3612 annum,
1108 3535 1246 3616 quamvis

155 3619 190 3677 in
206 3618 267 3677 eius
279 3616 430 3678 Chronico
439 3618 567 3694 Cottone,
575 3640 650 3699 quae
664 3622 701 3680 de
708 3619 947 3681 Genearcbarutn
962 3620 1024 3680 Noe
1038 3621 1246 3700 posteriorum,

157 3711 192 3763 at
212 3703 338 3782 Aegypti
355 3702 505 3783 Dynaatiis
525 3724 563 3764 ex
584 3724 620 3764 eo
634 3705 791 3785 Syueellns
806 3714 908 3765 nostor
926 3705 1114 3767 trsnsacnbit
1128 3702 1187 3789 ¹¹),
1208 3703 1247 3762 iis

158 3786 214 3865 qui
229 3798 389 3868 supersunt
400 3787 554 3848 codicibus
567 3788 735 3851 nullatenus
749 3799 928 3865 occurrunt,
950 3790 1053 3870 eequis
1065 3801 1162 3850 tamen
1178 3787 1246 3847 ideo

158 3880 281 3931 centum
306 3872 446 3953 partibus
470 3873 626 3934 Eusebium
647 3883 837 3950 truncatum,
867 3895 921 3935 nee
940 3876 997 3935 nisi
1014 3875 1096 3934 velut
1114 3870 1247 3931 excussit

156 3955 252 4014 ramis
267 3957 471 4016 tenuissimum
491 3958 639 4039 stipitem,
660 3959 700 4021 ita
715 3960 836 4020 resectis
857 3959 974 4020 Eusebii
991 3965 1248 4019 mossnmentorum

157 4040 396 4115 venustioribus,
428 4051 461 4101 ut
480 4041 525 4101 sic
551 4043 665 4118 diesin,
686 4045 834 4125 pertibus,
855 4043 977 4105 horrida
1005 4052 1136 4115 tuentum,
1158 4040 1247 4116 nuda,

157 4130 192 4181 et
209 4124 384 4203 squallentia
398 4125 463 4186 eius
478 4146 544 4186 oaao
556 4128 662 4187 relicta
675 4129 762 4189 nobis
778 4127 993 4190 nss'snnorerit'l
1017 4125 1204 4204 Assyriorum
1217 4134 1248 4184 et

157 4206 367 4287 sycioniorum
395 4209 511 4291 imperii
538 4212 681 4290 exordia,
707 4214 922 4295 Aegyptiorum
946 4209 1102 4291 llynostina
1125 4210 1244 4291 primns

195 4391 243 4457 tt)
260 4389 582 4450 imminentium
598 4411 659 4466 pag.
674 4393 735 4450 stt.
807 4395 854 4462 18)
874 4395 938 4463 Pag-
951 4394 987 4451 55
998 4397 1027 4448 ei
1037 4409 1111 4463 seqq.
