2946 4996
277 416 328 489 52
635 424 771 493 cosm
791 424 1017 493 ssrlsrotn

280 593 353 660 tur,
373 580 526 656 lustrabit,
548 580 643 640 oculis
658 591 813 661 percurret
833 580 960 657 scrinia,
981 589 1127 656 transtra,
1148 579 1263 641 ubalaa
1281 599 1365 641 nusa-

280 668 338 730 uaia
359 686 433 728 auro
455 674 485 725 et
504 675 625 744 argento
646 666 800 743 eonssatia,
821 676 856 726 ut
888 665 1037 726 sideribus
1060 666 1192 740 melum,
1213 665 1366 725 distinctas

281 763 312 813 et
332 751 541 812 scintillantem
563 759 609 826 et,
630 749 681 809 laic
706 751 888 832 priscorum,
913 751 1011 822 dicet,
1034 759 1220 828 temporum,
1248 750 1301 811 ille
1316 769 1365 830 pe

282 835 399 897 ati-emi:
426 837 608 895 Graecorum
623 833 691 911 bie,
711 836 763 894 ille
782 836 983 895 Romanorum
997 834 1113 914 imperii
1129 844 1367 893 monumentum

282 923 396 998 signum
417 920 499 981 illius
520 919 690 992 Orientale,
710 918 879 979 occiduum
902 919 1004 979 istiuar
1026 938 1140 979 sacram
1160 920 1232 995 iste,
1253 918 1368 978 civilem

282 1007 357 1066 aliua
369 1024 433 1064 rem
448 1013 480 1063 et
494 1014 592 1063 actum
608 1004 718 1064 relertr
737 1013 820 1064 totos
840 1003 892 1063 bic
914 1003 989 1063 erdo
1007 1004 1090 1080 regati
1111 1003 1202 1062 narina
1222 1002 1369 1082 principes

281 1099 453 1163 ennsnerat;
475 1087 629 1168 oppositus
643 1088 738 1164 gentis
755 1088 876 1148 alteriue
891 1106 973 1165 reges
988 1089 1148 1148 collocatos
1164 1095 1245 1146 tenet
1262 1087 1302 1145 ad
1315 1085 1369 1145 lli-

282 1174 392 1234 atoriee
410 1172 576 1232 veritatem.
618 1169 700 1245 Quid
721 1182 861 1247 cunctos,
883 1174 932 1232 vel
953 1174 1052 1253 plnres
1073 1170 1260 1232 memorem?
1284 1171 1369 1229 Vire

282 1257 408 1336 singulis
425 1277 503 1317 uisus
522 1267 575 1315 ant
590 1257 665 1316 alter·
680 1266 740 1333 est,
761 1258 813 1336 qui
835 1257 895 1317 viri
911 1258 1075 1337 cuiuspiam
1093 1258 1165 1315 meis
1181 1255 1303 1334 scriptia
1322 1274 1370 1315 ce-

282 1341 388 1403 lebrati
403 1341 538 1415 vultum,
558 1339 708 1416 habitum,
728 1363 851 1417 nomen,
872 1342 920 1401 vel
932 1343 994 1402 eius
1008 1352 1088 1421 gesta
1100 1340 1277 1420 praecipua,
1297 1359 1370 1419 pro·

283 1427 471 1506 speritatean,
500 1435 625 1485 eventus
650 1445 713 1484 nou
737 1436 945 1505 repraesentet.
992 1428 1075 1500 Quot
1094 1427 1136 1485 ibi
1169 1424 1300 1501 figurae,
1327 1433 1369 1482 tot

284 1508 544 1590 chronographiae
558 1529 639 1568 mem
654 1510 866 1589 exprimuntur
880 1522 1062 1587 argumenta.
1104 1510 1189 1570 Alter
1205 1508 1257 1568 bic
1272 1527 1369 1568 reces-

283 1616 333 1656 aua
347 1595 461 1665 variana
478 1595 550 1653 artis
571 1594 798 1673 supellectilem,
820 1606 851 1657 et
870 1595 1023 1655 lndiaruna
1044 1596 1159 1655 fructus
1174 1602 1369 1674 portentosos,

283 1680 333 1741 vel
349 1679 498 1739 rusticana
513 1688 611 1738 servat
626 1690 813 1739 ornamenta:
836 1689 866 1739 et
883 1678 957 1747 baec
975 1677 1124 1740 Historiae
1141 1679 1310 1738 testimonia
1326 1688 1369 1736 to-

284 1763 387 1839 tidem,
407 1772 437 1822 et
448 1762 571 1822 totidem
583 1762 646 1822 eius
657 1774 837 1843 spontaneae
850 1764 1084 1824 lucubrationes.
1126 1761 1253 1824 l’osthac
1266 1761 1368 1821 ader·

286 1858 382 1908 aratos
398 1866 487 1905 uranu
503 1847 621 1905 codices
639 1868 817 1907 conversura
837 1850 1013 1922 latuerunt,
1033 1849 1167 1927 inquiet,
1188 1846 1368 1907 venerandae

286 1931 474 2010 antiquitatis
495 1931 636 2008 reliquiae
656 1930 807 1991 imanemis
829 1933 966 2012 expensis
991 1932 1113 1992 Oriente
1133 1940 1198 1991 toto
1223 1930 1367 2003 collectae,

287 2026 322 2076 ut
340 2033 441 2075 earum
462 2024 576 2094 partem
591 2033 652 2072 non
669 2019 914 2076 contemnendam
930 2036 1036 2094 magno
1057 2017 1193 2095 lleipnbl.
1214 2015 1369 2075 litterariae

287 2099 395 2159 damno
415 2098 600 2175 naufragium
615 2098 791 2159 obliternrit.
832 2099 944 2160 isthinc
959 2101 1042 2180 liegii
1060 2104 1125 2180 typi
1140 2120 1248 2159 suosnen
1264 2109 1296 2158 et
1307 2099 1368 2159 aab·

287 2184 395 2244 sidium
406 2183 583 2261 quandoque
596 2183 724 2242 mutuati
740 2194 827 2243 susat:
849 2185 1017 2264 aderitque,
1038 2186 1120 2265 qnod
1137 2194 1225 2265 opto,
1246 2193 1368 2262 tempus,

288 2288 347 2347 quo
369 2267 427 2324 iam
446 2267 542 2340 edita,
564 2268 612 2324 vel
634 2267 768 2325 nondum
786 2269 846 2326 visa
867 2270 1017 2328 blusarurn
1038 2263 1175 2348 κειμήλια
1194 2268 1368 2327 saisinam

288 2351 432 2412 iudicium
456 2359 485 2408 et
505 2369 661 2408 censuram
681 2351 718 2409 ab
741 2352 865 2411 eruditis
881 2353 1074 2431 experiantur
1094 2373 1125 2413 ae
1142 2352 1306 2431 perpoliri,
1325 2350 1368 2409 rel

289 2436 320 2494 in
338 2434 486 2515 publicem
500 2433 657 2492 utilitatem
678 2435 821 2513 depromi.
863 2438 959 2509 Quam
976 2438 1089 2511 auidis,
1111 2457 1200 2515 quam
1220 2436 1367 2516 perspica-

290 2520 374 2579 cibus
395 2519 490 2577 ecnlis
503 2518 583 2577 inter
603 2519 675 2576 istos
697 2520 877 2597 perquisitus
901 2522 1065 2579 eudemum
1080 2541 1126 2578 me
1138 2521 1213 2580 sensi
1227 2521 1281 2580 sati
1295 2521 1366 2579 dono

288 2604 453 2675 beandum,
481 2612 515 2659 ut
538 2601 733 2660 Bibliothecae
757 2604 861 2679 llegiae
886 2606 1013 2665 seeundo
1034 2606 1131 2665 editus
1151 2607 1233 2680 sinn,
1261 2608 1367 2684 Segne-

289 2689 389 2748 rianae
410 2687 561 2765 exciperer
582 2687 721 2760 subinde,
742 2710 777 2746 ac
802 2691 917 2748 foverer
939 2691 1115 2769 complexu,
1139 2710 1231 2768 eaque
1254 2691 1366 2750 tandein

288 2773 419 2851 signatus
444 2772 535 2829 tutela
560 2771 707 2830 felicitatis
729 2793 808 2832 meae
830 2792 932 2846 usum,
962 2785 992 2835 et
1016 2775 1183 2834 lielensoris
1206 2775 1367 2832 comitatem

288 2859 353 2916 orbi
376 2856 566 2936 publicarem.
608 2855 689 2913 llaec
710 2858 764 2914 snb
785 2857 903 2932 Georgii
926 2859 1055 2935 Syneelli
1079 2876 1202 2937 persona
1228 2858 1366 2935 interpret

290 2943 352 3002 dos
370 2940 459 2998 sortia
480 2938 644 3018 particeps,
667 2941 794 3016 seposita
816 2941 955 3011 fictione,
977 2943 1124 3020 excogitat
1145 2960 1176 3001 ae
1196 2957 1281 3021 pesse
1301 2938 1366 2999 sarie

289 3037 319 3086 et
335 3046 366 3083 ea
384 3044 471 3082 cansa
485 3042 516 3080 se
529 3021 595 3079 'l'ibi
616 3024 771 3099 prolitetm·
785 3023 977 3094 obstrictum,
1000 3028 1078 3104 quod
1094 3026 1155 3084 eins
1176 3026 1274 3104 operis
1290 3024 1367 3083 labor

291 3111 345 3170 sub
358 3109 412 3167 Tui
428 3106 556 3166 nominis
569 3102 769 3185 splendorem
785 3110 936 3185 publicum
951 3112 1128 3187 productus,
1151 3119 1186 3168 ut
1203 3110 1304 3187 perdiu
1319 3127 1365 3167 ex·

291 3195 415 3278 petitum
430 3192 528 3272 palam
547 3192 662 3269 profert
675 3190 862 3269 syncellum,
883 3194 925 3252 ita
944 3194 1010 3252 'sibi
1031 3195 1252 3255 commendatus
1263 3214 1294 3254 ae
1305 3212 1365 3274 ape·

291 3291 336 3341 ret
354 3278 469 3338 cunctis
485 3276 652 3336 litterarum
668 3277 807 3336 studiosis
824 3279 887 3336 sore
903 3279 998 3339 nsnlto
1013 3280 1180 3360 gratiorem.

370 3408 587 3492 wasemium
602 3426 791 3489 Celaitudinia
807 3431 896 3506 Tuae,

966 3936 1170 3999 Deditissimua
1184 3957 1284 3998 aereas

783 4052 815 4114 F.
839 4054 1000 4116 ldCOllUS
1022 4055 1127 4114 GOAR
1149 4054 1221 4121 oro.
1241 4052 1362 4114 Praedie

323 4210 491 4271 nonanta
505 4218 714 4272 Praedicateran

322 4282 403 4338 Paria.
419 4286 464 4339 ria
479 4287 510 4340 S.
528 4286 661 4341 llenorati.
