2946 4996
219 320 244 391 6
595 322 636 393 G.
656 322 697 390 G.
718 316 923 390 BREDOVII

219 480 324 542 ninum
342 476 577 558 Heliogabalum,
600 479 745 558 Georgius
763 478 920 558 syncellus
940 476 1146 541 Alexandrum
1156 479 1307 557 Severum,

219 563 404 646 Heliogabali
423 583 638 639 successorem,
669 564 756 623 dicit.
783 594 828 613 ·-
856 564 940 644 Opus
969 563 1031 624 eius
1053 562 1308 644 chronologicum,

220 649 352 730 quinque
367 649 566 710 voluminibus
582 650 775 725 distinctiun,
795 647 905 709 iniuria
919 657 1088 727 temporum
1101 649 1233 729 interiit,
1253 670 1311 710 ne-

220 754 280 814 que
298 734 396 795 adhue
410 736 599 795 eruditorum
614 733 721 814 aliquis
740 733 949 794 collectionem
962 735 1195 812 li·agmentorum
1207 736 1310 816 perle-

221 820 282 895 eit,
303 840 393 899 quam
404 819 547 901 Iosephus
563 819 693 898 Scaliger
706 819 830 899 incepit.
873 818 1039 896 „Goncisus
1052 818 1173 898 quidem
1189 829 1251 894 eat,
1271 818 1317 888 de,

219 903 360 966 Africano
381 903 505 965 Photius
525 904 629 965 scribit
644 906 677 964 in
700 902 884 987 Bibliotheca
903 922 968 982 pag.
986 908 1026 971 19
1040 901 1068 987 ς.
1087 907 1146 977 845
1168 901 1244 963 nihil
1259 913 1311 964 ta·

170 1030 175 1038 ·
219 1009 288 1050 rnen
315 988 436 1069 cognitu
453 989 649 1050 necessaium
669 988 791 1049 omittit.
839 986 950 1069 Incipit
973 1010 991 1048 a
1013 987 1142 1050 Massica
1164 987 1312 1049 creetiom

220 1073 340 1150 ruendi,
361 1083 392 1134 et
410 1074 563 1134 descendit
583 1093 677 1154 nsque
699 1071 809 1133 Christi
830 1073 999 1132 adventurn.
1041 1072 1199 1134 Succincte
1212 1082 1311 1134 umen

221 1159 355 1239 excerpit
378 1177 497 1238 qnoque
516 1169 596 1237 gesta
607 1159 667 1218 iam
680 1156 752 1220 inde
767 1178 784 1217 a
797 1157 909 1218 Christi
921 1168 1015 1217 astate
1028 1157 1172 1239 usquead
1186 1157 1312 1219 Macrini

220 1243 413 1322 imperatoris
426 1244 552 1304 Romani
566 1244 740 1324 imperium,
760 1261 821 1322 quo
834 1251 985 1323 tempore,
1006 1243 1050 1304 uti
1065 1244 1129 1323 ipse
1140 1242 1231 1319 dicit,
1251 1239 1313 1303 hoo

221 1328 392 1388 Chronicou
406 1327 573 1389 absolutum
586 1338 648 1403 eat,
667 1326 824 1388 continens
843 1327 998 1407 quinquies
1016 1328 1098 1389 mille
1109 1328 1313 1409 septingentos

221 1423 251 1473 et
270 1412 377 1491 viginti
390 1422 451 1473 tres
465 1415 586 1474 annea.'’
627 1411 709 1474 Haec
726 1413 817 1472 verba
829 1422 860 1472 et
874 1412 953 1472 inter
971 1432 1004 1473 se
1023 1421 1054 1473 et
1071 1433 1141 1474 enm
1155 1422 1224 1472 ante
1237 1411 1313 1472 cita·

218 1498 259 1557 tis
275 1497 396 1574 Georgii
408 1496 506 1556 nostri
519 1497 650 1575 syncelli
662 1517 795 1577 pugnare
808 1497 967 1558 videntur:
980 1497 1131 1559 Macrinus
1147 1497 1312 1558 enimsuno

219 1580 325 1642 mundi
347 1582 431 1648 5720
450 1600 467 1641 e
487 1581 709 1662 computatione
725 1581 861 1641 Africani
882 1580 912 1661 (e
927 1581 1062 1661 Dionysii
1076 1584 1172 1656 5718)
1186 1582 1312 1642 interiit.

218 1662 355 1727 Fortasse
373 1685 445 1726 vero
463 1685 563 1745 pugna
582 1675 699 1726 nutum
721 1685 760 1724 ex
779 1665 898 1725 incuria
916 1663 1014 1726 Photii
1027 1676 1081 1730 est.
1123 1666 1312 1747 Quemquam

220 1751 297 1812 enim
313 1748 484 1811 chronicon
499 1750 606 1810 iamin
622 1751 706 1810 obitu
718 1749 844 1809 Macrini
856 1749 976 1810 finitum
988 1760 1060 1826 erat,
1080 1759 1179 1811 nmen
1194 1751 1312 1812 Africa·

218 1856 285 1910 nus,
297 1837 350 1915 qui
365 1835 516 1894 Antonino
528 1835 720 1915 Heliogabalo
731 1834 1056 1914 regnanteGhronicon
1067 1834 1198 1917 scripsit,
1212 1835 1312 1896 elicere

242 1922 332 1981 oluit:
354 1920 500 1999 usquead
519 1941 613 1980 meam
636 1929 759 1981 aetatem
781 1929 854 1979 sunt
874 1921 946 1979 sani
959 1924 1052 1987 5723.
1074 1954 1116 1967 -
1137 1920 1199 1981 lam
1214 1941 1254 1981 ex
1266 1919 1313 1980 his

218 1943 296 2065 ibcis
321 2004 440 2081 Georgii
462 2014 493 2063 et
519 2004 616 2064 Photii
636 2013 776 2085 apparet,
797 2003 910 2064 lulium
929 2004 1104 2065 Africanum
1125 2007 1314 2063 corrutione

221 2085 330 2147 usundi
344 2109 440 2166 neque
453 2086 499 2146 od
509 2108 623 2147 annum
631 2090 768 2168 primum
777 2086 893 2145 Christi
907 2091 1068 2167 quinquies
1078 2089 1161 2149 mdis
1175 2108 1213 2147 uc
1226 2090 1314 2168 quin·

217 2183 326 2255 gustos
340 2192 439 2231 annos
457 2172 627 2252 collegisse,
648 2189 738 2252 quem
757 2190 914 2232 umerum
932 2181 1035 2253 postea
1051 2173 1152 2254 plures
1165 2172 1315 2252 Byzantia

219 2277 330 2319 norum
349 2256 530 2338 scriptorum
550 2275 701 2339 accepere.
752 2254 898 2317 &nehus
921 2256 1042 2336 quidem
1065 2257 1140 2319 iuits
1168 2277 1262 2318 annos
1284 2264 1316 2318 et

221 2343 300 2404 iacta
313 2342 353 2402 ael
366 2341 488 2402 modum
500 2350 669 2403 nostrarum
684 2339 852 2403 tabularum
862 2340 1171 2423 synchronisticarum
1183 2342 1317 2404 breviter

219 2435 338 2488 tantum
357 2425 531 2508 descripsit,
552 2427 598 2488 uti
615 2428 778 2507 fragmenta
797 2446 917 2507 quoque
930 2425 1152 2508 docent,.quse
1164 2426 1202 2487 ‹le
1214 2427 1316 2507 Aegy-

219 2512 352 2594 ptiarum
372 2511 576 2593 dyrssstiarum
596 2522 683 2593 atque
709 2512 898 2591 Amyriarum
925 2513 1148 2573 enumeratione
1168 2511 1316 2590 Georgius

220 2596 478 2679 Syncellm·nobis
490 2598 631 2659 mavit.
671 2599 793 2657 Summo
805 2616 878 2656 vero
892 2596 994 2656 studio
1008 2600 1109 2657 omnia
1122 2595 1316 2674 antiquorum

219 2682 402 2761 scriptorum
421 2694 614 2744 monumenta
624 2688 828 2763 perscrutatus
843 2687 925 2756 erat,
945 2699 1008 2739 non
1023 2679 1119 2740 solum
1133 2680 1316 2741 Graecorum

219 2772 256 2828 et‘
266 2767 477 2843 Romanorum,
497 2786 605 2828 verum
618 2766 708 2826 etiam
722 2761 863 2845 inprimis
878 2762 1095 2843 Aegyptiorum
1105 2771 1134 2823 et
1149 2763 1316 2825 chaldam·

217 2870 303 2927 runt,
331 2850 386 2931 qui
414 2849 558 2928 originem
585 2869 670 2911 suam
696 2849 729 2907 in
750 2857 914 2909 extremam
932 2847 1137 2928 antiquitatem
1159 2867 1314 2912 removere

218 2935 388 2996 studebant.
435 2935 558 3014 (Videas
579 2936 780 3013 fragmentum
804 2951 844 2993 ex
864 2931 998 2993 Africani
1027 2932 1253 3015 chronologicis
1280 2936 1315 2995 in

218 3018 337 3081 Eusebii
356 3021 582 3102 Praeparatione
594 3018 772 3098 Euangeliou
784 3018 853 3079 libr.
865 3019 904 3078 X.
918 3038 984 3099 cap.
1002 3018 1068 3095 10).
1090 3019 1140 3095 ,Et
1153 3019 1237 3100 quod
1250 3040 1316 3079 ma·

218 3104 301 3164 xime
320 3105 503 3166 laudandum
526 3124 590 3165 ease
611 3104 748 3165 videtur:
766 3107 889 3184 primus
907 3104 966 3164 fuit
978 3103 1153 3181 Africanus,
1175 3104 1230 3184 qui
1244 3103 1315 3164 eli-

218 3186 343 3248 brorum
367 3208 520 3248 merorum
536 3189 674 3249 versione
691 3208 795 3267 graeca
816 3208 852 3248 sc
868 3187 991 3249 caeteris
1005 3186 1190 3270 antiquitatis
1201 3206 1316 3248 mouu-

217 3272 328 3333 mentis
357 3291 484 3331 canones
512 3270 740 3350 chronologicos
763 3273 928 3333 contexuit
976 3273 1052 3334 Nam
1075 3273 1129 3355 qui
1148 3282 1219 3354 post
1238 3289 1315 3331 *euna

218 3356 435 3435 chronologica
449 3355 605 3436 scripsere,
628 3376 731 3416 omnes
746 3355 809 3417 eius
822 3358 947 3436 vestigia
960 3357 1080 3438 sequuti
1092 3367 1162 3418 suut
1178 3354 1265 3430 auso,
1277 3361 1315 3415 ut

216 3442 319 3522 ipsum
344 3440 506 3517 Eusebium
533 3460 622 3502 sunm
643 3440 785 3522 losephus
809 3441 940 3521 Scaliger
969 3451 1068 3505 totum
1088 3437 1225 3505 Africani
1250 3439 1315 3501 iere

218 3525 401 3588 chronicum
415 3527 449 3586 in
461 3545 550 3587 suum
561 3526 797 3608 ususcripsiasa
810 3526 963 3606 largietur.

302 3610 451 3672 metuo
462 3610 560 3688 enim,
580 3610 729 3693 Pamphili
741 3611 881 3692 Martyris
896 3604 1134 3681 contuberuslis,
1155 3604 1313 3670 Cassum

217 3693 400 3755 Palaestinae
415 3695 582 3776 opesopes,
605 3706 725 3757 caestum
738 3695 825 3755 anuis
839 3704 909 3776 post
921 3693 1097 3754 Africanum
1111 3689 1205 3752 libros
1217 3690 1313 3753 chro-

217 3777 372 3856 nologicos
386 3779 514 3858 scripsit,
536 3779 715 3839 amatione
733 3778 839 3838 muudi
851 3796 947 3855 usque
963 3775 1002 3835 ad
1013 3793 1126 3834 anuum
1138 3774 1313 3855 viges'unum

218 3861 406 3923 Gomtantini
421 3861 537 3939 Magni,
556 3860 610 3940 qui
624 3870 671 3920 eat
684 3879 781 3921 sunus
794 3858 907 3920 Christi
919 3862 993 3927 stt.
1033 3857 1155 3937 (Euseb.
1170 3859 1312 3924 OErouic.

216 3948 317 4009 versio
335 3948 389 4006 lat.
403 3964 436 4024 p.
453 3945 539 4017 181).
567 3943 707 4004 Pluribus
721 3942 759 4003 ‹le
774 3941 833 4002 boc
847 3940 1014 4004 Emebiam
1026 3942 1173 4008 Glsronieo
1185 3946 1248 4027 egit
1257 3945 1313 4007 lo·

217 4031 328 4113 seplrus
341 4030 473 4108 Scaliger
485 4030 519 4088 in
531 4026 762 4107 Prolegomeuis,
782 4042 801 4088 e
815 4026 925 4107 quibus
939 4027 1050 4110 passim
1061 4031 1207 4092 munulls
1221 4028 1312 4092 nobis

219 4116 376 4178 emmau
396 4131 556 4196 uano·
571 4111 685 4175 nebia
726 4110 888 4191 Quum,
909 4112 968 4192 ot,
988 4113 1065 4176 nau
1077 4113 1110 4178 n
1123 4113 1244 4178 unna
1260 4134 1313 4176 a.

218 4220 298 4262 none
316 4198 505 4282 antiquitatis
523 4198 695 4261 meditus
710 4197 765 4273 ait,
785 4195 868 4279 quod
886 4217 950 4262 uon
964 4199 1001 4262 ab
1015 4199 1155 4262 Africano
1168 4197 1312 4279 ὴιιιιπίί,

220 4286 399 4367 etquamvis
419 4283 538 4368 saepias
556 4283 591 4346 iu
608 4280 744 4349 animi
763 4282 1313 4369 mumunumuanasatttpro·
