3428 4998
552 412 613 482 ΕΤ
634 413 987 485 ANNOTATIONES.
1242 405 1320 477 868

311 570 507 657 Ποοχοααλίῳ
528 575 590 636 τοῖν
610 565 704 653 ulfi]
725 573 750 633 Ε
770 573 857 652 cyclo
878 573 978 632 lunari
993 592 1139 632 annorum
1154 571 1321 632 novemde-

239 658 303 733 cim,
324 670 352 718 et
368 659 460 718 solari
468 657 555 718 annis
569 667 637 717 octo
653 678 744 738 supra
757 659 867 738 viginti
881 658 1064 739 perficiendo
1077 657 1110 717 in
1126 677 1157 717 se
1176 657 1320 718 seductis

237 744 343 820 exurgit
356 744 408 802 ille
422 765 546 821 magnus
562 745 633 809 632.
649 764 794 804 annorum
808 745 928 825 cyclus,
950 744 1111 804 secundum
1128 762 1216 821 quem
1239 765 1255 800 a
1273 763 1322 802 ra·

237 839 327 909 parata
342 828 451 890 Clnisti
469 850 524 910 per
540 829 797 889 Resurrectionem
813 852 829 888 ο
845 829 973 890 mortuis
987 828 1061 903 vita,
1085 828 1239 888 Paschsles
1254 846 1324 888 suas

236 914 339 973 tabulas
358 914 477 992 digessit
506 913 660 973 Annianus
679 926 747 975 ante
769 915 917 995 cyrillum
932 924 962 973 et
980 914 1154 992 Dionysium
1173 914 1322 991 Exiguum

237 1020 303 1079 opus
315 999 410 1058 simile
424 999 561 1078 sequutis
576 1000 759 1080 temporibus
775 1002 912 1063 utelitas:
934 999 1141 1060 Anniaunaees
1155 1016 1323 1058 aremorans

236 1083 340 1144 lullior
353 1082 574 1144 anuistotidern
590 1105 676 1165 pares
689 1086 848 1147 duraturas
861 1085 1030 1166 pollicetur.
1074 1082 1323 1162 Utra‘squenabis
1393 1126 1398 1133 -

237 1168 326 1229 deesse
345 1171 497 1247 querimur
504 1195 514 1246 ;
534 1170 622 1246 illas,
642 1172 726 1252 quod
747 1170 912 1254 perierint,
932 1168 1005 1248 has,
1026 1169 1107 1250 quod
1129 1167 1166 1228 ab
1188 1167 1324 1229 Authore

236 1272 289 1313 nan
302 1252 412 1314 fuerint
426 1255 533 1318 editae.

308 1354 501 1437 Λειπαμὲνην
519 1356 614 1419 tuso
629 1349 728 1440 lutri]
752 1355 842 1432 Quod
861 1378 877 1415 a
897 1354 1003 1416 mundi
1019 1355 1146 1416 conditu
1159 1354 1198 1415 ad
1212 1353 1323 1415 Christi
1340 1357 1421 1413 v.12

237 1440 351 1500 natalem
378 1440 457 1500 diem
480 1443 561 1500 solos
585 1442 837 1510 ntea-romena
853 1443 1047 1519 Pauodorus,
1069 1440 1189 1503 Author
1210 1450 1324 1522 septem

237 1525 302 1585 elias
316 1525 457 1603 adiungat
469 1547 574 1588 annos.

308 1620 483 1705 Ἀμφότεροι
502 1624 534 1687 (ll
556 1620 678 1707 aurun]
699 1629 851 1706 leguntur
870 1628 944 1689 lssec
964 1627 1044 1709 apud
1062 1627 1244 1701 scaligerum
1257 1644 1324 1706 pag.

236 1709 300 1777 246.
316 1710 421 1789 partim
444 1711 616 1787 emendata,
639 1721 667 1770 et
681 1722 823 1791 corrupta
842 1722 985 1794 exparte.
1028 1713 1233 1773 Emendantur
1250 1711 1326 1789 qui-

236 1796 295 1854 lem
305 1794 443 1854 hsecMS.
457 1796 559 1871 verba,
576 1793 645 1876 ἤτοι
657 1797 719 1859 τοῖν
732 1793 806 1878 asel'.
819 1797 867 1859 liis
879 1798 946 1859 aliis
960 1795 1030 1880 ἤτοι
1042 1802 1103 1859 τοῖα
1115 1790 1169 1876 ρκ’.
1183 1791 1296 1875 σύρων,
1307 1815 1324 1853 ο

236 1880 372 1959 scaligero
385 1881 533 1962 repositis,
548 1891 578 1940 et
592 1882 625 1940 in
638 1880 781 1947 Authoais
793 1893 881 1944 textu
893 1886 1031 1965 superius
1046 1882 1129 1942 lectis
1145 1901 1210 1961 pag.
1227 1886 1277 1947 17.
1291 1881 1325 1939 B.

235 1965 293 2025 tn·
306 1986 375 2026 vero
391 1966 443 2028 καὶ
458 1961 630 2040 avalunae
644 1966 695 2029 nul
713 1969 855 2048 μερίσεως
870 1965 957 2032 οὗτοὶ
973 1962 1184 2047 πεποιήκασιν,
1208 1966 1245 2025 ad
1263 1966 1324 2025 llu-

236 2048 322 2111 thoris
334 2061 461 2111 mentem
482 2061 511 2111 et
534 2051 660 2110 Librarii
677 2052 822 2113 calamum
841 2055 960 2115 fidelius
976 2053 1048 2113 mihi
1066 2061 1264 2133 reparantur,
1286 2041 1326 2113 osi

237 2132 474 2217 (praenestinum
483 2134 534 2198 sal
550 2129 725 2215 ἀναλύσεως
736 2138 787 2201 nul
803 2143 949 2221 μεοίσοοος
962 2133 1048 2202 οὗτοὶ
1061 2133 1263 2217 πεποιήκασιν
1278 2135 1324 2197 ἔκ-

236 2226 331 2297 θοοοο,
353 2242 430 2301 quae
454 2222 576 2281 tandein
595 2243 666 2280 sassa
690 2233 720 2283 et
743 2222 858 2304 integra
873 2222 960 2299 eleale
976 2224 1148 2295 Χαλδαίους
1163 2220 1220 2302 μὲν
1234 2215 1324 2282 rinei-

236 2327 299 2386 eeue
307 2306 423 2413 αἰῶνας
438 2310 493 2387 τῆς
507 2308 707 2388 κοομογονῐας
729 2305 917 2393 εἶσοὶγοντας,
938 2311 970 2369 in
987 2310 1060 2386 ista,
1082 2305 1170 2382 aleluia
1192 2306 1325 2370 Xultlul-

237 2410 283 2466 οος
296 2394 437 2472 απεὶοοας
454 2387 645 2473 sinirnensis·
660 2398 859 2477 αοσμογονίας
874 2404 1062 2456 transmutat.

308 2502 357 2571 Ἐν
369 2505 420 2573 αι’.
434 2504 585 2594 παριᾶδοος
602 2510 705 2592 isnin]
727 2507 927 2595 Aeqyptiacus
943 2535 1038 2575 annus
1058 2512 1096 2573 ab
1118 2509 1177 2572 diei
1194 2509 1326 2568 interes·

237 2590 300 2652 laris
316 2592 464 2654 desectum
486 2597 614 2677 singulis
638 2598 843 2675 quadrienniis
870 2620 933 2658 uno
959 2600 1008 2659 (lie
1036 2596 1218 2678 principium
1237 2612 1326 2652 suum

237 2678 387 2738 antevertit
406 2678 441 2738 in
463 2700 542 2739 anuo
565 2680 692 2740 Iuliano.
736 2681 955 2742 millesendem
977 2702 1045 2740 cuns
1065 2680 1217 2758 sexaginta
1233 2698 1327 2756 supra

237 2762 459 2844 quadringentos
473 2765 581 2846 elapsis
596 2765 683 2824 annis
700 2763 738 2824 ad
757 2786 821 2826 eam
835 2767 907 2826 anni
924 2766 1032 2827 Iuliani
1046 2764 1146 2826 sedem
1163 2764 1244 2823 unda
1260 2763 1326 2822 dis·
1424 2793 1426 2799 >

238 2859 354 2910 uenat
369 2850 556 2926 regreditur:
578 2859 685 2931 quater
700 2849 812 2933 quippe
829 2853 903 2919 365.
920 2851 1054 2912 reddunt
1071 2869 1216 2910 summam
1233 2849 1328 2914 1460.

238 2930 276 2991 aa
295 2934 449 3014 quinquies
475 2935 657 3015 aurigarios
682 2937 902 3019 multiplicata,
922 2940 1039 3005 36500.
1064 2955 1212 2995 antrorum
1233 2932 1329 2992 colli-

239 3013 313 3093 gitur
339 3020 494 3094 periodus,
523 3040 581 3099 qua
609 3020 750 3102 syderum
774 3033 804 3082 et
831 3024 982 3083 caelorum
1011 3021 1050 3080 nt
1080 3019 1194 3099 prirnos
1222 3039 1327 3079 carce-

239 3118 281 3159 res
296 3101 438 3175 reditum,
465 3122 503 3162 aa
523 3105 617 3164 totius
643 3107 777 3167 universi
804 3108 1031 3167 reiterationem
1058 3102 1235 3184 praedicant
1258 3104 1327 3163 Δα-

239 3185 335 3267 gypni.

313 3281 361 3350 Ἐν
380 3291 443 3361 τοῖς
456 3291 591 3364 Γονοκοῖς
602 3287 741 3372 Ἑρμοῦ]
763 3290 929 3353 Mercurius
943 3290 969 3351 is
989 3300 1051 3370 est,
1073 3291 1124 3371 qui
1138 3291 1229 3370 vulgo
1245 3305 1326 3368 raso·

239 3369 1326 3544 ii⁸l⁰liudi¹²iiiiialliliaiiiiiiilisliilillliii?

239 3546 351 3604 tentiam
372 3542 581 3606 Genebrardus
604 3547 641 3606 ad
667 3569 778 3607 annum
800 3548 906 3609 mundi
927 3551 1021 3615 3880.
1070 3545 1210 3609 Mercurii
1233 3564 1326 3626 opera

239 3627 418 3709 astrologica
445 3629 614 3689 loacliinrus
649 3633 833 3693 Camerarius
864 3633 978 3693 dicitur
1004 3633 1220 3714 interpretatus
1245 3628 1326 3710 apusl

241 3711 403 3776 Gunerum.
452 3715 639 3776 Poamander
659 3719 723 3776 eins
746 3719 860 3778 Gallice
885 3719 1077 3798 loquentibus
1097 3715 1251 3779 familiaris
1273 3721 1326 3772 est.

239 3793 561 3873 latlnomatlreuratica‚
583 3810 612 3860 et
634 3802 856 3882 Centiloquiurn
878 3805 937 3863 ianr
961 3804 1031 3862 olim
1050 3804 1113 3863 eius
1134 3801 1256 3862 nornine
1281 3798 1326 3872 (ai

240 3892 329 3942 tamen
342 3907 404 3946 non
421 3884 614 3967 amaratituru)
631 3888 708 3946 edita
722 3908 866 3947 sunrmarn
880 3889 941 3948 eius
962 3889 993 3947 in
1014 3886 1207 3966 Astrologicis
1226 3883 1326 3944 erudi-

241 3963 342 4026 tionem
358 3971 572 4032 demonstrant.
614 3971 676 4032 Sed
688 3985 715 4031 et
735 3976 914 4035 Asel-onoma·
928 3973 1112 4053 disciplinae
1123 3993 1198 4031 snae
1218 3969 1328 4028 ducem

236 4051 409 4128 praedicant
423 4058 610 4117 Hermetem:
633 4059 754 4141 scripsit
771 4060 960 4118 Casuubonus
974 4060 1005 4118 in
1021 4059 1152 4119 Exarsit.
1168 4055 1204 4116 sle
1220 4055 1327 4115 iisdem

241 4143 359 4197 testatur
375 4139 509 4201 Clemens
523 4144 744 4206 Alexandrinus
755 4145 832 4205 libro
846 4151 876 4210 6.
893 4147 1031 4203 stromat.
1061 4145 1132 4203 Eam
1148 4141 1187 4201 ob
1199 4161 1262 4201 rein
1274 4145 1328 4205 Γο-

241 4219 303 4283 esst
321 4224 358 4281 ab
378 4244 414 4282 eo
434 4227 545 4306 scripta
565 4250 651 4305 reor,
672 4231 721 4289 vel
731 4231 886 4309 gamales
913 4228 1098 4307 Astrologiac
1119 4227 1255 4307 regulas,
1277 4228 1326 4285 vel

242 4308 446 4367 Genethliacoe
466 4321 637 4388 tractatus,
659 4314 815 4374 honrinurn
840 4308 943 4396 ysaensi
969 4314 1034 4372 sive
1054 4308 1172 4396 γενεᾶς,
1201 4321 1324 4372 eventus

241 4393 375 4457 uiurisuur
392 4416 426 4455 ac
443 4406 536 4457 sortes
554 4417 658 4458 eorum
675 4399 823 4461 natalibus
835 4420 873 4459 ex
891 4408 1042 4460 astrorum
1059 4398 1174 4461 virtute
1190 4398 1325 4477 alligatas
