2888 5002
433 381 493 447 ET
514 376 861 449 ANNOTATIONES.
1114 366 1189 439 521

111 559 200 620 quare
218 538 279 600 dici
297 544 399 620 posset
417 536 510 598 rerba
531 534 587 611 ἕως
606 529 661 617 κβ.
680 526 888 613 Κλεοπάτρας,
908 522 1005 598 ἰοίἔ.
1024 553 1063 596 ex
1078 542 1191 597 statuto

109 634 274 686 tercentum
289 642 414 683 numero
427 620 618 682 emendanda.
639 620 749 679 Iuvant
763 617 841 677 hanc
855 619 891 677 de
903 620 1029 698 Georgio
1043 620 1192 700 suspicio-

109 729 175 770 nem
190 709 247 768 elia
259 708 323 769 eius
335 706 424 767 verba
441 726 507 785 pag.
522 704 641 772 3121).
661 703 701 784 (ri
716 714 817 762 tamen
831 702 953 763 mendae
974 707 1105 784 expertia
1125 705 1192 785 quia

110 791 264 873 sustinul)
279 790 461 856 huiusmodi.
483 791 583 869 ἔτυχεν
594 783 835 866 ιῖιιοιιατασιῆναι
850 785 924 850 κατὰ
939 783 1007 851 τόδε
1021 785 1118 874 prod.
1130 790 1194 865 deor

109 882 164 942 coti
175 873 303 958 ιιόσμοο.
325 876 458 954 Contigit
474 885 572 934 autern
586 874 765 933 Alexandria
781 882 866 952 capta
877 872 1089 952 Aegyptiorum
1101 896 1195 935 anno-

109 981 175 1022 ruiu
197 957 452 1034 ιῖιιοιιιιιοστάσιςι
473 979 551 1018 urina
572 959 664 1036 igitur
686 967 848 1038 praecunte
870 958 974 1016 mundi
992 960 1084 1025 6470.
1108 961 1196 1020 Cleo·

146 1056 210 1106 trae
230 1048 281 1112 25.
300 1065 360 1105 um
376 1064 445 1103 cum
465 1044 537 1104 urbe
560 1053 590 1102 et
613 1044 739 1123 irnperio
764 1043 917 1121 Cleopatra
938 1043 1028 1105 vitem
1049 1044 1194 1104 amiserat.

108 1067 145 1190 li
169 1130 331 1190 adversum
359 1138 419 1189 stat
443 1128 584 1207 Georgius
604 1127 667 1208 ipro
691 1127 780 1204 llegio
801 1128 908 1187 Codice
928 1127 1105 1205 instructus,
1135 1149 1195 1208 quo

110 1216 282 1295 Cleopatrae
297 1235 390 1274 anuos
403 1214 478 1274 duos
495 1223 524 1274 et
542 1213 649 1290 viginti
670 1212 817 1270 duntaxat
830 1212 934 1272 asserit
956 1234 972 1271 a
987 1214 1090 1273 muudi
1103 1215 1195 1281 5446.

109 1300 148 1359 ad
159 1303 254 1365 5468.
269 1299 478 1360 decurrendos.
520 1299 612 1356 Favet
623 1299 712 1374 llcgio
731 1298 903 1357 Poterimus
920 1299 1037 1375 Codex,
1060 1299 1113 1380 qui
1126 1299 1197 1358 licet

109 1384 214 1444 nitidis
228 1392 259 1442 et
269 1384 370 1444 rubris
386 1383 606 1442 characteribus
620 1383 791 1461 Cleopatrae
808 1403 901 1442 annos
916 1385 966 1449 25.
982 1393 1097 1443 astruat
1108 1404 1197 1463 prae·

109 1468 187 1530 acuti
199 1469 268 1528 loco
276 1513 286 1546 ,
308 1468 465 1528 confestim
477 1478 574 1526 tumen
590 1466 627 1525 de
637 1465 700 1526 eius
713 1476 809 1526 morte
824 1469 939 1526 ratione
954 1469 1094 1528 instituta
1108 1467 1197 1551 (quac

109 1553 142 1613 in
161 1552 255 1630 Regio
280 1554 420 1613 lacunosa
443 1551 506 1634 est)
528 1551 647 1612 subdita
671 1545 776 1613 duride
800 1547 877 1614 καθ’
897 1551 1006 1632 ἑαυτῆς
1025 1552 1197 1634 χρησαμένη

110 1631 170 1699 aiud
182 1630 376 1717 Ἀλεξάνδρου
392 1635 441 1715 ἔτη
455 1630 530 1716 pbq‘.
552 1636 650 1715 (quern
666 1654 796 1693 errorem
813 1656 850 1692 cx
862 1637 1056 1713 oppignorata
1069 1639 1128 1695 fide
1142 1656 1198 1694 ex-

109 1719 222 1800 pressi,
243 1739 312 1778 rum
334 1715 406 1798 abq‘.
432 1719 562 1778 scribere
587 1715 755 1796 debuisset)
785 1728 854 1795 post
877 1718 1039 1778 Alexandri
1064 1721 1155 1796 igitur
1179 1743 1197 1778 a

109 1804 217 1865 mundi
237 1803 361 1863 conditu
380 1807 471 1869 5170.
489 1803 584 1861 latum
606 1810 637 1860 et
662 1821 754 1859 anuos
771 1805 841 1867 298.
863 1802 888 1861 si
912 1802 1029 1882 aspide,
1052 1824 1104 1862 cen
1124 1803 1199 1862 letbi

109 1890 171 1948 telo
181 1932 191 1965 ,
213 1889 370 1968 Cleopatra
383 1895 489 1967 pectus
511 1886 655 1961 confixit,
679 1906 696 1944 ιι
716 1886 822 1944 mundi
837 1887 930 1952 5446.
948 1907 1007 1965 quo
1026 1889 1148 1965 fratrent
1163 1890 1196 1946 in

109 1993 202 2052 regno
217 1973 350 2053 excepit,
372 1972 458 2030 annis
471 1981 588 2030 tantuin
606 1977 657 2036 22.
671 1969 797 2050 sceptris
808 1972 903 2050 potita
916 1972 1021 2031 mundi
1036 1974 1128 2039 5468.
1144 1973 1200 2030 in-

110 2068 200 2118 eunte
218 2058 311 2117 vitam
327 2057 463 2135 reliquit:
485 2056 620 2133 illudque
636 2054 713 2112 idern
728 2056 866 2132 estquod
881 2075 918 2113 ex
936 2058 1093 2133 Africano,
1114 2058 1200 2117 cuius

110 2142 193 2203 dicta
206 2161 268 2200 non
281 2141 410 2215 relollit,
430 2141 490 2198 iuro
506 2140 606 2198 verbio
623 2139 770 2217 expressis
784 2142 875 2197 rolert
889 2139 1031 2217 Georgica
1046 2163 1110 2220 pag.
1127 2146 1198 2209 308.
1215 2148 1247 2202 P.
1261 2146 1298 2202 73

111 2228 144 2285 C.
167 2222 252 2305 pigot
270 2225 358 2286 τοῦδε
380 2223 413 2285 οἱ
427 2224 575 2304 Auridai,
595 2221 647 2284 καὶ
669 2216 789 2303 σύμπας
807 2227 863 2303 τῆς
879 2228 1094 2306 Μακειὶοοιιιῆς
1111 2221 1203 2306 ἀρχῆς

111 2304 258 2392 σύλλογος
274 2304 346 2389 perri
361 2306 411 2387 leq
425 2302 592 2388 τριακόσια,
613 2311 699 2369 δυοῖν
716 2305 838 2370 δέονται
859 2309 891 2369 id
913 2318 957 2370 est
977 2315 1048 2377 298.
1068 2310 1117 2391 ἔτη
1133 2307 1204 2373 σύν.

111 2417 202 2480 εγγος
221 2389 372 2473 τριακόσια
389 2401 515 2452 testatur
535 2392 648 2473 puriter
669 2392 808 2451 Latinum
824 2392 994 2453 Chronicon
1007 2396 1112 2475 pagina
1127 2400 1202 2463 310.

111 2486 145 2539 C.
167 2479 308 2544 citatum.
342 2477 428 2538 lllius
441 2497 532 2558 porro
543 2477 577 2535 in
589 2476 717 2556 reipsum
730 2477 849 2557 Georgii
865 2475 1069 2559 ἐναντιότητος
1085 2502 1203 2541 causaue

109 2572 301 2648 permutato
319 2572 437 2643 praeter
458 2561 528 2621 alibi
549 2562 713 2641 expositam
730 2562 789 2621 elia
810 2582 873 2622 non
888 2565 1035 2641 occurrit,
1055 2566 1114 2625 nisi
1128 2585 1204 2643 quaa

110 2658 182 2732 post
197 2656 385 2727 excerptum,
406 2655 435 2706 et
453 2666 491 2705 ex
504 2646 595 2707 variis
613 2645 790 2706 authoribus
811 2647 844 2705 in
865 2649 1015 2728 appositas
1031 2658 1129 2728 partor
1148 2650 1204 2706 ab·

112 2733 255 2795 euntibus
270 2732 414 2810 digestum
428 2751 520 2811 opus,
542 2730 669 2808 Georgia
685 2740 780 2791 morte
796 2743 974 2811 praevento,
996 2734 1034 2793 ad
1050 2733 1138 2792 uniar
1161 2733 1206 2791 si·

111 2819 207 2877 bimet
220 2816 359 2893 consoni,
380 2817 461 2876 etad
476 2824 575 2896 partes
588 2835 689 2874 ouines
706 2816 865 2877 cuncordia
880 2819 1015 2898 computi
1033 2817 1111 2879 illud
1126 2817 1206 2878 idem

112 2901 253 2978 castigari
266 2910 298 2963 et
309 2900 418 2961 instrui
431 2900 600 2980 nequivisse
615 2900 755 2979 suggerit.

197 2981 361 3064 Ὀλυμπιὰς
385 2978 481 3069 ριιγ’.]
509 2985 576 3045 Hoc
596 2994 643 3044 est
664 2985 734 3044 lulii
757 2986 889 3047 Οοιιοιίι
913 3005 1010 3045 annus
1033 2987 1150 3067 primur
1175 2997 1208 3048 et

113 3068 214 3130 iniens
229 3088 247 3125 a
263 3069 367 3128 mundi
383 3068 613 3136 condiceret.
632 3068 819 3150 Olympiadis
832 3075 903 3138 183.
917 3091 995 3129 ιιιιιιο
1013 3074 1121 3150 primo,
1137 3081 1207 3152 post

111 3152 243 3236 primam
267 3171 345 3210 unua
364 3153 458 3220 4726.
479 3154 648 3213 institutam
670 3156 874 3233 consignatur.
917 3155 1130 3235 olympiadum
1152 3156 1207 3215 de-

113 3235 299 3317 signationes
311 3236 498 3295 exdlricano
515 3238 677 3313 Georgium
690 3259 843 3298 recensere
856 3247 979 3298 mouent
993 3261 1067 3319 quae
1081 3239 1208 3302 exiliti-

113 3324 184 3385 uni
199 3318 322 3399 scriptis
338 3317 460 3379 subiicit
475 3339 541 3399 pag.
556 3322 630 3385 307.
648 3330 678 3380 et
691 3342 771 3400 seqq.

198 3397 509 3485 ἈοιὸιιατᾶῬιόμην]
530 3404 741 3483 Barberinum,
763 3414 794 3467 et
808 3407 905 3470 Perea.
925 3407 1124 3468 correctiora:
1146 3403 1207 3471 alred

112 3493 239 3564 κτίσεως
249 3483 369 3571 Ῥοὶρηςὶ
377 3530 535 3550 ......
557 3488 677 3548 Lacuna
689 3485 723 3553 ed
730 3535 739 3565 ,
759 3486 803 3571 ψ’.
815 3492 972 3553 desiderat.
991 3495 1085 3553 Roma
1097 3494 1206 3553 etenim

113 3600 196 3640 nmo
209 3575 303 3642 4754.
319 3572 442 3633 condita
456 3572 517 3632 tuit
532 3592 569 3631 ex
581 3593 649 3655 pag.
664 3576 734 3641 195.

202 3654 296 3734 Γάϊος
315 3653 436 3733 Ἰούλιος
455 3660 572 3739 Καῖσαρ
591 3658 641 3738 leq
660 3654 691 3721 ε’.
704 3656 902 3742 μσναρχήσας.
942 3661 1099 3723 Octaviani
1114 3660 1206 3736 igitur

115 3744 252 3827 auspicia
267 3764 345 3803 anno
359 3745 452 3811 5459.
475 3752 702 3802 consecrantur:
725 3746 825 3805 eadem
838 3757 906 3828 post
921 3758 1023 3806 notam
1040 3748 1174 3805 alteram.

202 3830 270 3907 Pag.
291 3832 365 3895 305.
387 3825 632 3933 Xporoppoplo]
660 3828 727 3888 Una
747 3838 848 3891 textus
867 3833 940 3891 serie
962 3830 1047 3890 barb.
1062 3840 1092 3888 et
1109 3830 1208 3892 Perea.

115 3915 238 3991 legunt,
259 3914 463 3995 χρονογραφία
474 3908 534 3975 aad
547 3914 669 3986 κτίσεως
679 3908 792 3993 ιιόσμοο
806 3911 903 3998 ,raoni
936 3911 1102 3976 Praemittit
1120 3913 1207 3975 Barb.

116 3998 204 4068 ἔτους
217 3991 314 4080 ,ravat
351 3999 424 4057 Cum
442 3997 533 4077 Regio
546 3998 653 4059 titulae
665 3997 763 4058 divisi.
797 4001 911 4060 l'rinrus
922 4000 1068 4059 luthores
1083 4017 1099 4054 a
1117 4017 1208 4078 prae-

117 4079 293 4142 cedentibus
311 4081 444 4142 dirersoa
463 4104 482 4142 a
503 4083 630 4161 Georgia
650 4083 789 4159 tractari,
810 4103 976 4163 novamque
999 4080 1132 4161 imperii,
1154 4081 1209 4142 sub

116 4186 178 4247 quo
194 4163 318 4242 degebat
331 4165 466 4242 Author,
488 4169 617 4246 speciem
631 4170 845 4247 repraesentari
862 4167 998 4246 suggerit.
1033 4166 1118 4226 Alter
1131 4187 1211 4227 nova

116 4249 233 4335 puriter
244 4246 361 4308 ratione
380 4248 556 4310 Cbronicarn
572 4251 744 4311 rnotbodurn
758 4253 794 4310 ab
810 4254 913 4311 oodoni
927 4250 1056 4310 institui.
1097 4252 1211 4332 Regum

118 4335 229 4399 etenim
258 4341 289 4393 et
309 4330 483 4415 Principum
505 4335 691 4415 singulorum
710 4335 874 4418 primordia
898 4345 927 4397 et
949 4345 1058 4397 aetates
1081 4336 1120 4398 ed
1143 4358 1211 4398 cer·
