2864 5004
431 387 491 453 ET
511 386 860 458 ANNOTATIONES.
1084 375 1160 450 447

102 542 207 605 tioribue
219 540 378 602 admiscere
393 541 545 622 probatur.
579 543 741 602 Teutonum
757 540 835 600 enim
853 541 889 602 ad
903 562 1014 602 annum
1027 541 1162 604 Abrahae

102 629 157 695 343.
169 629 328 708 Crotopum
341 626 380 685 ad
398 626 526 688 eiuadem
541 628 612 693 511.
626 627 718 687 refert
734 625 876 686 Eusebius
889 627 921 686 in
933 626 1092 687 Chronico.

171 751 235 809 Τῶν
247 744 279 820 ἐξ
289 739 379 824 'Adcip
394 744 468 807 froin
481 736 523 825 ἦν
535 738 672 829 Μαιθῖ]
694 742 833 803 tiendum
849 744 882 802 in
893 742 939 804 luia
951 744 1047 805 verbi·
1063 743 1160 825 curpi-

103 830 309 908 orturScaiiger
323 830 457 894 Animad.
474 849 540 910 pag.
558 832 610 894 81.
625 827 733 906 ingerit
747 849 778 887 ro
793 829 1019 892 emendatorem.
1048 830 1162 908 Legen-

101 918 172 992 dum,
196 915 312 992 inquit,
342 908 451 997 ,ygnbss
485 913 593 973 Undat
619 914 652 972 si
674 912 748 971 bene
773 923 901 973 mentem
924 913 986 974 ciue
1013 933 1162 995 assequor,

101 1001 211 1059 reiculos
223 999 266 1057 ita
283 998 457 1078 comparuit.
498 999 524 1059 A
537 998 633 1078 primo
650 996 756 1056 mundi
769 1007 877 1058 exortu
892 998 929 1058 ad
946 996 1092 1059 Abraham
1107 1018 1163 1058 nu·

100 1085 205 1145 nerauit
217 1083 361 1143 Euaebiua
373 1084 467 1150 3184.
481 1103 592 1159 annor,
614 1093 642 1141 ct
656 1083 692 1139 ab
711 1081 843 1141 Abrahae
857 1083 949 1141 natali
971 1084 1008 1142 ad
1025 1083 1164 1163 Cecropii

101 1174 218 1247 quintum
231 1187 320 1246 cupra
334 1168 606 1247 quadragesimum,
627 1187 686 1245 quo
705 1168 831 1225 solutam
847 1168 973 1247 Aegypti
991 1169 1163 1228 servitutem

100 1255 188 1313 scribit
201 1253 358 1326 Eusebiua,
381 1253 455 1311 atior
471 1255 542 1320 505.
558 1250 663 1331 quibua
678 1252 756 1311 inter
768 1272 799 1310 ae
816 1252 927 1311 iunctio
943 1271 1056 1312 aumma
1071 1256 1163 1319 8689.
1180 1252 1215 1309 V.
1229 1248 1265 1311 41

101 1338 240 1413 cottigitur.
282 1337 363 1396 Haec
382 1337 448 1411 itte,
477 1337 587 1416 absque
607 1338 718 1395 arbitro
738 1356 875 1396 rrumeror
897 1357 970 1417 quoe
990 1338 1073 1397 lubet
1091 1358 1165 1417 pro·

100 1425 195 1496 ferens,
215 1431 244 1481 et
264 1441 352 1500 quam
370 1422 453 1501 cupit
470 1421 534 1501 ipre
552 1422 682 1481 referens
704 1441 858 1484 summam.
902 1421 1011 1482 Verum
1031 1422 1166 1503 quamuis

100 1506 128 1564 ab
141 1506 213 1566 urbia
236 1506 360 1565 exordio
381 1510 419 1564 nd
437 1506 575 1586 Cecropis
593 1525 705 1564 annum
725 1506 777 1572 45.
793 1505 938 1565 Euaebiua
955 1526 1049 1566 annor
1072 1509 1167 1573 8689.

100 1591 183 1670 irpaoa
197 1600 324 1665 etetunt,
344 1591 387 1649 nii
411 1590 507 1651 minuc
521 1602 619 1650 tamen
636 1612 723 1668 quem
739 1592 811 1650 istor
826 1591 947 1650 denotet
960 1591 1094 1666 Autlror,
1106 1590 1168 1651 'aed

98 1675 196 1753 proprii
210 1676 338 1735 Cenoma
350 1696 441 1734 annor
455 1670 579 1760 ,Wlf-
592 1678 685 1741 8989.
708 1675 748 1734 De
763 1696 822 1754 quo
835 1676 980 1755 aiquideur
992 1677 1051 1735 atio
1063 1673 1168 1734 mundi

99 1777 164 1816 enno
179 1761 254 1818 foret
265 1760 312 1818 itti
328 1760 527 1819 instituendus
541 1779 646 1832 sermo,
668 1778 754 1838 quam
770 1762 807 1819 de
822 1782 866 1833 eo,
888 1780 975 1838 quem
990 1761 1020 1818 in
1036 1760 1100 1818 And
1114 1764 1167 1824 22.

98 1841 279 1901 incurrentem
294 1844 449 1903 confestim
470 1844 642 1919 subiungit?
670 1847 732 1904 rain
746 1843 775 1917 ἕξ
788 1839 880 1922 ’Adaip
897 1844 971 1906 fuir
985 1836 1027 1925 ἦν
1043 1836 1169 1926 ‘ystrio'-

97 1922 144 2004 ιβ’.
156 1931 207 1988 τοῦ
221 1922 306 1989 >trid
343 1929 384 1987 tt
399 1947 437 1986 ex
456 1927 571 1985 Eusebii
586 1926 757 2001 Chronicie,
778 1928 843 1987 Aod
858 1948 954 1987 atinus
968 1935 1017 1996 22
1033 1926 1167 1988 Abrabae

97 2014 157 2075 638.
170 2012 269 2070 mundi
283 2013 376 2076 3822.
398 2011 485 2069 etium
501 2019 699 2090 cumputetur.
742 2011 801 2070 Ubi
823 2033 904 2072 nunc
920 2033 1012 2072 annue
1028 2014 1078 2072 ifle
1093 2014 1167 2070 Sce-

97 2096 239 2171 ligeriana·
251 2097 344 2160 3689.
357 2115 393 2153 ex
409 2095 535 2154 Eusebio
547 2096 578 2154 in
593 2095 660 2155 Aod
675 2099 725 2161 22.
741 2096 898 2157 incident
921 2096 968 2158 tu
983 2097 1167 2179 properitum

95 2179 184 2255 itique
197 2198 366 2239 numerum.
408 2179 490 2254 dod,
512 2180 609 2260 inquit
630 2180 748 2239 Autlror
761 2182 851 2261 paulo
873 2181 951 2242 infra
970 2178 1065 2263 Ξόόθη
1086 2175 1169 2261 mend

96 2264 181 2337 Orod,
205 2267 260 2325 roei
280 2257 395 2341 κόσμου
419 2260 533 2350 ‘mgni
559 2263 642 2333 nod,
670 2265 807 2343 inquam,
828 2269 1031 2347 praefecturae
1053 2267 1169 2347 primur

95 2365 178 2406 annue
194 2347 298 2407 mundi
312 2351 407 2414 3968.
424 2351 684 2427 consignatuaeat:
705 2370 886 2430 consequeus
898 2352 1047 2429 igiturw.
1062 2348 1167 2410 mundi

96 2433 177 2499 8989.
190 2433 378 2509 adiungitur,
401 2434 451 2511 qui
467 2436 605 2514 Cecropis
617 2434 738 2512 quintus
754 2456 842 2516 cupra
859 2436 1123 2514 quadragesimum.

169 2533 307 2613 dedorim]
326 2535 469 2595 Euacbiua
485 2536 607 2595 latinus
620 2557 677 2616 pro
693 2537 905 2616 exerrrplarium
918 2536 1060 2596 vurictate
1073 2537 1172 2597 diver·-

95 2611 130 2671 rir
143 2615 213 2674 odeo
229 2619 325 2675 modia
340 2615 399 2674 froc
419 2619 554 2677 llerculia
574 2622 754 2698 pronunciat
771 2631 1011 2697 cognomentum,
1032 2631 1068 2679 ut
1082 2621 1172 2683 frati-

96 2697 170 2757 dium
184 2702 315 2759 recensio
331 2702 436 2781 pariat.
478 2704 588 2762 Extant
601 2703 680 2762 inter
694 2704 816 2763 Pontici
834 2716 919 2764 notae
936 2706 967 2764 in
984 2705 1057 2765 haec
1070 2707 1171 2769 verba.

96 2785 232 2842 Herculio
251 2797 444 2863 cognomento
456 2785 608 2845 Decianus
619 2796 677 2849 ctc.
690 2787 722 2846 in
737 2808 811 2867 quae
825 2790 926 2849 acribit
941 2791 1000 2851 itte.
1028 2792 1172 2872 longina

91 2870 212 2943 petitum
232 2868 427 2946 crediderim,
448 2873 477 2927 ai
492 2872 531 2930 ab
549 2876 643 2930 altero
660 2874 715 2931 illo
734 2875 883 2937 Bodofrcr
900 2873 1067 2939 derivaris:
1088 2872 1175 2956 quaed

95 2962 185 3009 tomen
204 2957 267 3011 rr’ro
285 2953 459 3012 doctissimo
476 2955 561 3014 video
577 2969 728 3036 mcunpue
742 2960 879 3037 probari.
907 2960 1023 3021 Merito.
1051 2963 1170 3040 Διβδᾶν

95 3035 166 3094 eninr
178 3048 206 3096 et
219 3041 368 3102 Bodofvcv
378 3040 564 3100 doctiaairnua
578 3043 628 3103 itte
643 3043 691 3101 vir
709 3064 796 3103 vocer
811 3064 899 3121 quam
915 3044 970 3102 eibi
985 3045 1171 3123 propinquae

94 3121 291 3195 persentiebat.
334 3125 464 3204 Scaliger
485 3130 609 3188 Atudeir
630 3126 702 3204 tegit
727 3147 765 3186 ex
791 3128 1021 3208 similitudines}
1041 3137 1071 3187 et
1091 3151 1116 3192 or
1135 3128 1170 3188 in

94 3205 248 3282 exemplari
267 3206 328 3266 MS.

173 3305 236 3384 Peg·
259 3306 330 3372 154.
350 3298 512 3388 Ἀσσυρίων
526 3301 561 3369 t'.
576 3307 763 3388 ἐβασίλευσεν
779 3302 923 3391 Kitron]
945 3311 1060 3371 foliata
1075 3312 1171 3374 Geor-

92 3384 129 3464 gii
142 3389 241 3449 codice
254 3409 323 3450 cum
338 3391 443 3449 Latino
460 3391 586 3452 Euacbio
602 3414 671 3453 cunr
683 3412 783 3474 parem
799 3393 954 3473 utrobique
966 3416 1067 3475 regum
1078 3399 1171 3477 Any-

93 3471 201 3533 riorum
219 3495 376 3535 numerum
398 3496 457 3535 non
479 3480 670 3558 comperiant
693 3477 839 3555 Scaliger3
862 3498 1001 3559 nequem
1019 3483 1173 3563 componit

94 3554 218 3618 Graecus
235 3559 341 3620 Latino
358 3559 580 3638 adversaretur,
602 3564 748 3623 Graecum
768 3583 805 3620 ere
818 3563 923 3624 Latino
937 3564 1075 3648 deincepa
1089 3586 1173 3627 com-

94 3644 191 3720 ponit,
211 3654 242 3704 et
266 3645 391 3706 drabeio
415 3644 523 3706 Clrulao
545 3648 647 3708 Anebo
666 3659 697 3711 et
712 3646 802 3709 Bcbio
817 3650 990 3729 expunctio,
1010 3651 1173 3732 poatTeu·

95 3734 187 3787 taeum
206 3732 364 3791 confertim
384 3729 546 3792 Thinaeum
568 3742 600 3793 et
623 3746 795 3814 requenter,
822 3744 941 3814 praeter
959 3734 1175 3817 precberem,

95 3809 231 3892 adiungit.
273 3817 343 3890 Quo
373 3824 489 3877 conatut
516 3837 574 3877 nec
594 3818 753 3898 Georgium
772 3837 809 3876 ex
832 3818 958 3879 Euaebio
988 3828 1096 3880 cuncte
1121 3837 1176 3878 aua

95 3891 233 3959 Chronica
253 3899 450 3981 decerpaiaee,
485 3921 542 3962 nec
569 3902 730 3964 Eusebium
753 3901 863 3982 ubique
887 3925 925 3963 cx
948 3903 1075 3981 Georgia
1094 3912 1176 3964 recte

93 3995 176 4053 posce
194 3983 384 4066 interpolari,
407 4006 476 4046 cum
494 3987 528 4047 in
547 3986 677 4067 Ascyriia
696 3997 725 4048 et
740 3988 772 4047 in
786 3987 851 4045 utiir
871 3989 1019 4068 plerisque
1032 3986 1176 4047 Eueebiue

92 4077 200 4141 unum,
228 4069 371 4151 Georgica
398 4072 526 4134 alterum
555 4073 727 4150 authorem,
765 4071 913 4149 codicem,
945 4091 1102 4131 munerum
1126 4090 1176 4131 ae·

93 4154 205 4220 quatur.

113 4327 120 4340 .
174 4249 241 4329 Peg·
264 4255 334 4322 1⁵5.
354 4255 417 4319 rat
436 4251 574 4340 δεύτερος
594 4251 777 4340 Taurinae]
808 4253 919 4317 Inbue
939 4251 1174 4314 concoraGeor-

92 4346 157 4406 tltss
169 4333 291 4397 Eueebio
297 4379 307 4415 ,
328 4340 409 4419 quad
419 4350 547 4424 uterque
560 4343 617 4406 rub
628 4343 750 4424 Anyrio
766 4344 901 4404 Tuumne
914 4339 1032 4401 Troiam
1046 4339 1176 4400 exciaam
