2946 4996
335 1318 434 1406 Viri
464 1317 728 1428 doctissimi,
756 1321 1043 1446 amplissimi
1152 1335 1157 1345 ’

132 1689 303 1800 Μαίη..
319 1735 413 1800 roso
434 1738 544 1819 μιν..
566 1738 652 1802 stu·
676 1737 819 1802 mosas
838 1739 946 1817 sent,
974 1740 1056 1821 quos
1076 1742 1224 1822 praemiis,

129 1820 222 1902 gloria
233 1822 334 1886 Vestri
347 1824 465 1906 imperii
478 1823 586 1905 dignis,
606 1824 706 1886 studia
722 1826 908 1888 eruditorum
922 1826 960 1887 ad
972 1827 1147 1900 doctrinam,
1166 1847 1228 1886 no·

128 1919 190 1969 strs
204 1916 302 1970 astate
316 1908 406 1970 nimis
418 1909 603 1988 neglectim,
624 1911 782 1974 mvocstis.
827 1911 1031 1993 Cistonologs'n
1056 1913 1111 1973 lux
1132 1912 1227 1971 histo·

129 1993 190 2056 risa
205 1992 268 2053 dici
280 2002 398 2075 potest:
418 2014 488 2054 nam
501 1992 545 2070 si,
565 2014 641 2073 quse
652 2005 733 2075 gesta
744 2006 833 2074 sunt,
855 1998 1024 2075 promiscue
1039 2006 1069 2056 et
1087 1998 1150 2056 siae
1173 2018 1226 2057 or-

129 2077 200 2140 dine
211 2077 357 2159 temporis
371 2097 490 2154 narres,
510 2077 628 2139 animus
639 2081 789 2161 permixta
803 2102 904 2141 rorum
920 2083 1006 2141 turba
1020 2081 1062 2139 ita
1079 2080 1225 2158 obruitur,

129 2172 165 2225 ut
176 2172 318 2242 tanquam
330 2162 361 2222 in
377 2161 507 2224 tenebris
518 2160 641 2225 fluitans
653 2162 729 2224 nibil
746 2165 915 2225 ‹bacernere
931 2185 988 2225 nec
1006 2175 1110 2226 tenere
1129 2174 1227 2245 quest.

128 2246 246 2310 Nostris
261 2247 382 2327 quidem
394 2247 576 2328 temporibus
588 2248 684 2309 omnis
697 2268 745 2310 res
760 2247 970 2326 chronologica
982 2248 1063 2310 haud
1084 2250 1228 2331 impedita

128 2332 226 2396 sideri
240 2341 350 2413 potest,
371 2333 511 2412 quoniam
526 2340 556 2392 et
569 2334 676 2416 modus
687 2334 760 2393 anni
774 2334 1029 2395 observationibus
1046 2334 1227 2395 astronomi-

130 2417 175 2480 cis
190 2415 297 2479 finitas
311 2426 373 2496 est,
394 2427 425 2477 et
444 2436 590 2478 annorum
611 2438 786 2479 numerusa
808 2430 890 2479 certo
911 2420 1053 2500 temporis
1076 2419 1227 2499 principio

131 2502 292 2582 colurum.
305 2533 350 2550 -
374 2502 475 2583 Longe
489 2521 563 2564 raro
577 2503 652 2564 aliae
666 2512 752 2564 aaut
767 2503 985 2584 Chr-onologs'ue
997 2505 1127 2566 rationes
1141 2500 1229 2581 apud

130 2589 292 2667 antiquos:
319 2605 418 2666 nsque
439 2607 510 2648 vers
530 2586 603 2647 anni
631 2588 790 2666 longitudo
811 2598 962 2667 comperta
984 2598 1063 2665 erat,
1090 2606 1187 2666 neque
1208 2607 1226 2645 a

130 2680 213 2732 csrta
227 2669 381 2750 principio
401 2690 495 2730 annos
515 2671 728 2739 numerabauts
749 2671 941 2750 quidquod?
963 2691 1000 2731 ne
1018 2672 1056 2731 sd
1078 2691 1226 2732 annorum

129 2753 249 2835 pendeas
260 2772 418 2814 numerum
434 2772 482 2813 res
496 2762 593 2832 gestas
615 2753 750 2834 digerere
764 2755 856 2816 moris
870 2764 950 2818 erats
971 2757 1010 2815 ad
1025 2775 1142 2836 regum,
1164 2776 1227 2815 rna·

128 2839 323 2920 gistratuum,
344 2836 521 2919 pontificum
532 2847 652 2918 tempus
666 2859 714 2898 eas
726 2839 903 2901 referebant.
915 2871 957 2887 -
978 2840 1081 2920 ltaque
1093 2840 1126 2899 in
1139 2848 1226 2919 gente
1251 2839 1254 2845 ’

131 2924 318 2985 Graecorum
337 2922 461 3002 quaevis
481 2922 653 3003 respublica
669 2944 752 2984 susm
766 2922 995 3004 Chronologiam
1019 2935 1145 3003 sequuta
1164 2933 1223 2985 est:

127 3007 324 3070 moun
334 3026 436 3069 rarum
452 3016 601 3085 gestarum
617 3017 735 3090 tenipus
747 3008 939 3069 ΛνοΙιοοιυον
953 3010 1139 3085 nominibus,
1161 3011 1226 3068 La·

129 3091 316 3154 αᾰοωιοννὶἰ
326 3093 530 3174 Epiros-orum,
550 3091 666 3174 Argivi
674 3094 985 3175 annisstams'm‘arnm
1001 3095 1128 3152 lunonis
1141 3093 1225 3153 finie-

128 3178 212 3243 bant.
256 3174 439 3266 (Evolvstur
452 3178 522 3237 loco
537 3178 670 3238 omniurn
690 3177 879 3256 Thucydides
896 3179 981 3238 initio
999 3179 1070 3238 libri
1085 3177 1224 3237 secundi:

87 3292 92 3301 ·
127 3262 263 3343 bellum,
287 3262 409 3337 scribit,
429 3260 652 3325 Atheniensium
670 3272 700 3322 et
718 3263 1003 3343 Peloponnesiorum
1022 3262 1152 3342 incepit,
1175 3261 1226 3326 issi

131 3350 283 3431 Χρυσίδος
302 3347 336 3414 iv
347 3344 452 3429 'Apros
468 3340 536 3410 νόον
552 3339 739 3426 πεντήκοντα
756 3348 844 3411 δυοῖν
858 3346 964 3410 dioran
985 3347 1036 3427 ἔτη
1053 3345 1226 3428 ἱερωμένης,

128 3434 181 3496 sal
195 3434 348 3517 Aimlou
360 3425 492 3514 Ἐφόρου
504 3430 537 3495 ἓν
549 3425 695 3517 Σπάρτῃ,
714 3430 767 3496 stul
781 3426 975 3513 Πυθοδώρου
999 3430 1041 3495 iss
1056 3427 1113 3493 sisio
1128 3436 1227 3512 μῆνας

122 3513 285 3600 'Anonos
307 3511 501 3599 Ἀθηναίοις).
547 3515 602 3576 His
614 3515 838 3577 diversitatibus
855 3518 1080 3596 magistratuum
1101 3517 1225 3591 accedit,

129 3605 211 3686 quod
227 3605 289 3664 αἰέν·
307 3604 372 3664 alio
387 3613 516 3681 tempore
527 3621 637 3663 munus
657 3602 784 3680 inibant,
797 3621 894 3681 neque
905 3602 975 3661 anni
988 3600 1224 3678 magistratuum,

130 3687 181 3769 qui
198 3690 305 3750 eadem
324 3699 459 3768 tempora
473 3696 574 3763 cunt,
595 3687 675 3748 inter
691 3708 723 3747 se
736 3686 970 3763 conveniebant,
994 3686 1133 3766 quodque
1145 3685 1227 3765 apud

130 3773 265 3834 nationes
290 3773 409 3835 easdem
432 3774 627 3852 principium
653 3791 839 3833 summorum
864 3773 1086 3850 magistratuum
1115 3771 1226 3851 pluries

130 3857 316 3919 msabmur.
337 3854 1224 3938 Archontesdtbeuismagistrstuminibantcircasolstitium

130 3943 288 4020 aestivum
308 3940 425 4023 Ephori
447 3942 662 4022 Spartanorum
683 3952 753 4024 post
765 3942 906 4002 collectas
919 3942 1019 4019 fruges
1037 3938 1225 4021 (Plutarchus

130 4028 162 4088 in
176 4028 272 4109 Agite
284 4046 311 4088 c.
328 4024 386 4104 16),
404 4045 505 4093 manse
520 4025 638 4103 Csrnio,
660 4027 748 4089 cuius
761 4026 881 4087 initium
897 4047 966 4086 cum
979 4045 1079 4086 mense
1092 4025 1223 4102 Augusto

132 4114 289 4189 convenit,
314 4110 458 4171 cosmos
477 4112 680 4172 nummorum
700 4112 737 4173 ab
753 4132 831 4171 anno
846 4111 932 4171 Urbis
951 4115 1014 4178 601
1029 4110 1164 4189 calendis
1178 4108 1225 4166 la·

130 4198 252 4260 curiis.
272 4231 313 4245 —
336 4192 382 4256 ab
396 4214 423 4254 s.
436 4195 473 4254 tt.
486 4200 548 4265 601
564 4195 650 4256 dico:
671 4216 740 4256 nam
758 4217 785 4257 a.
802 4197 864 4263 637
880 4197 934 4256 Cn.
955 4195 1097 4254 Servilius
1116 4191 1231 4252 consul'

129 4280 237 4345 Romae
255 4281 366 4345 idibus
378 4278 494 4341 Martiis
509 4280 711 4361 magistratum
724 4281 794 4342 iniit
809 4282 923 4363 (Livius
939 4280 1007 4341 libr,
1023 4276 1119 4339 xxtl.
1135 4274 1221 4355 e.,1);

129 4373 157 4426 ct
174 4388 253 4430 sano
269 4367 305 4430 U.
320 4369 384 4435 261
405 4364 574 4428 Postumius
595 4365 725 4448 agripp·
749 4376 781 4427 et
800 4365 923 4449 Spurius
945 4362 1064 4426 cassius
1088 4361 1229 4423 consul·
