2864 5004
242 325 320 403 896
615 332 959 405 ΕΜΕΝΒΔΤῙΟΝΕΒ

243 490 374 554 cludam.
394 486 454 571 sspd
467 494 522 557 rosi
529 484 689 573 Ἀμάσιος,
709 489 846 570 sireneos
857 490 908 556 ael
921 496 1089 557 τελευταῖον
1102 496 1157 574 ταῖς
1169 488 1215 569 εἴ.
1235 495 1324 559 dere

241 571 490 650 nslor'Auuoss
501 570 649 656 Bdoidsor
662 574 811 657 παρέθετο
822 570 966 662 esilo‘yoe,
988 572 1066 641 καθ’
1080 573 1118 642 ὃν
1131 575 1245 654 πάντες
1258 579 1324 659 ὁμ-

240 664 362 743 loyosios
373 656 425 722 sris
439 652 546 762 'londo
561 653 649 742 εἷρξαι
664 656 828 742 Aiyu'srroo.

323 741 409 806 Kerei
422 740 479 824 τὴν
493 767 530 806 ss.
546 744 747 824 δυναστείαν]
771 738 856 807 Κατὰ
874 739 932 823 τήν
952 736 996 806 ss'.
1018 743 1194 806 δυναστείαν
1221 746 1324 825 legan-

239 825 327 904 dum,
348 836 379 887 at
391 828 623 890 emendationem
639 824 680 892 ιε’.
693 829 883 907 marginalem
897 827 1003 906 prebet
1019 848 1085 909 pag.
1100 833 1151 894 61.
1165 829 1200 889 Β.

322 912 391 991 Peg·
413 919 465 979 70.
493 913 680 993 Αμενωφθὶς
699 911 749 993 ἔτη
769 908 841 993 καῖ]
871 913 1048 971 Mutandum
1073 906 1128 975 κδ’.
1149 913 1180 971 in
1205 906 1265 974 ια’.
1287 914 1323 973 ob

239 995 443 1057 characterum
466 997 688 1058 similitudinem
707 996 838 1075 positum
857 997 999 1055 evincunt
1014 998 1144 1056 retiones
1163 997 1324 1057 succedes.

236 1089 291 1140 tes.
314 1086 343 1147 1.
366 1080 448 1141 luter
461 1083 583 1142 Amasin
598 1091 628 1142 et
639 1079 950 1160 Mispbrsgmutlsosim
967 1082 1037 1140 sssni
1051 1086 1102 1148 69.
1121 1083 1162 1139 eit
1177 1083 1324 1161 Georgius

238 1165 429 1226 numerandi:
456 1166 502 1226 illi
530 1186 602 1226 vero
628 1186 666 1225 ex
685 1165 832 1243 Claebrns,
863 1164 1091 1244 Amesroplrtlrin
1119 1166 1271 1239 detersis,
1296 1176 1325 1226 et

237 1243 397 1329 Misapbris
413 1250 556 1310 uetntibus
576 1250 776 1329 colliguntur,
798 1250 889 1328 igitur
902 1247 1103 1329 Amessopbthi
1127 1270 1205 1309 unus
1227 1260 1261 1309 et
1277 1251 1326 1310 ri-

140 1329 172 1384 Ρ.
188 1329 223 1387 25
239 1333 315 1413 giuti
326 1335 396 1393 anni
407 1334 569 1394 tribuendi.
591 1339 622 1400 2.
637 1334 834 1415 Amenopbtlsi
851 1334 945 1393 eidem
959 1334 1012 1392 sub
1029 1333 1210 1412 Asuenoplsis
1224 1334 1325 1393 storni-

200 1417 202 1421 ’
236 1437 276 1478 ne
288 1418 432 1478 Eusebius
453 1419 533 1478 solos
548 1425 598 1486 21.
617 1438 711 1479 annos
731 1420 869 1478 eosscedit
886 1439 952 1499 pag.
967 1424 1019 1485 71.
1033 1418 1066 1479 C.
1081 1421 1114 1483 3.
1148 1419 1194 1476 Ea·
1209 1419 1326 1479 truens

236 1502 322 1562 annis
336 1503 387 1569 26.
402 1501 594 1570 Cbebros18.
613 1501 826 1584 Amanoplsthir
835 1509 885 1570 21.
903 1502 1027 1562 Amerais
1036 1508 1088 1568 22.
1102 1501 1264 1581 Misapbris
1278 1505 1323 1568 13.

235 1586 532 1667 Mispbrsgmutlrosis
546 1592 597 1654 26.
613 1588 684 1647 enni
703 1589 885 1666 colliguntur
901 1593 970 1653 120.
986 1587 1076 1645 iidem
1093 1606 1164 1645 roro
1183 1597 1256 1646 sunt
1270 1606 1327 1646 nn·

235 1689 318 1730 mero
333 1691 401 1730 cum
414 1672 496 1732 iisde
506 1674 614 1752 quibus
627 1672 658 1731 in
672 1673 780 1752 pagina
794 1671 850 1732 bec
864 1670 964 1731 eedem
976 1671 1095 1730 disserit
1107 1671 1327 1731 AutlsorGeer·

235 1756 317 1833 gius:
336 1765 469 1835 superest
480 1757 582 1836 itaque
595 1755 842 1839 Amenopbthim,
862 1765 956 1837 prout
968 1756 1001 1815 in
1017 1754 1148 1834 margine
1168 1760 1325 1836 expressi-

235 1858 320 1913 mus,
340 1841 420 1900 solos
439 1847 491 1908 21.
512 1851 657 1922 expetere.
1382 1846 1386 1861 '

319 1925 387 2002 Peg.
408 1929 458 1990 70.
479 1923 572 2008 ‘Operi
583 1921 644 1989 sind
656 1919 803 2005 'etpoicsoc
819 1929 877 1988 resi
890 1922 941 1987 sel
961 1917 1325 2008 MsuooeppoudtissoeJ

235 2008 330 2068 Totus
346 2008 396 2068 lsic
409 2008 716 2071 Aetheris'discorsus
731 2010 943 2070 obscuritatum
964 2009 1092 2068 tenebris
1112 2009 1326 2084 condensatus,

235 2101 267 2151 et
283 2093 316 2153 in
328 2093 500 2153 Alliennum
518 2095 706 2155 Deucalionis
719 2095 865 2155 diluuium
884 2091 1178 2174 Misplsrsgmutlsnsis
1192 2092 1326 2172 Aegypti

234 2176 312 2252 regis
324 2178 505 2257 temporibus
519 2189 696 2240 statuentem
715 2188 886 2259 argumenta
905 2187 1040 2239 contorte
1060 2177 1212 2258 perplexis
1231 2178 1327 2241 dlli-

237 2259 384 2319 cultstum
399 2262 483 2320 nodis
499 2263 634 2322 involute
646 2273 867 2343 proponuntur.
908 2263 984 2340 Age,
1005 2262 1101 2322 nodos
1120 2262 1324 2332 exsolvamus,

237 2352 283 2419 et,
304 2341 331 2403 si
349 2343 428 2404 viras
448 2345 622 2424 animusque
633 2356 811 2426 suppetent,
831 2346 945 2424 prolata
964 2347 1033 2404 luca
1048 2345 1183 2403 tenebras
1198 2353 1229 2402 et
1248 2344 1325 2401 cali-

234 2427 331 2507 ginem
345 2447 464 2489 omnem
478 2428 679 2488 discutiamus.
722 2430 804 2503 Quae
818 2438 952 2506 temporo
971 2428 1087 2497 dissita,
1110 2426 1224 2505 inquit,
1249 2447 1323 2504 qua·

234 2513 276 2573 lia
288 2523 359 2574 sont
372 2513 467 2592 Ogygi
478 2513 721 2593 llaucelionisqua
734 2513 848 2573 diluvia
862 2511 998 2571 ducentis
1011 2520 1042 2571 et
1054 2521 1122 2569 octo
1135 2530 1224 2589 snpra
1241 2530 1322 2590 qua-

233 2596 371 2675 draginta
383 2597 469 2658 aunis
482 2619 499 2658 a
513 2618 546 2658 se
560 2598 688 2658 invicem
710 2608 841 2673 remote,
861 2596 892 2655 in
912 2596 1032 2656 brevem
1054 2614 1201 2654 annorum
1219 2597 1324 2675 presio·

233 2682 306 2741 dum
329 2702 463 2762 quaeque
477 2683 588 2763 viginti
605 2703 696 2764 supra
716 2693 836 2743 e'cutunr
854 2702 915 2741 non
932 2689 1087 2760 exsuperet
1104 2700 1251 2738 susnnsesn
1271 2700 1325 2739 ne-

232 2775 347 2843 queunt
359 2768 521 2827 coarctmis
543 2767 688 2827 eiusmodi
700 2787 771 2828 vero
783 2776 828 2827 sst
846 2767 1013 2845 Ogygseum
1027 2775 1057 2823 et
1070 2764 1326 2824 Menecliouaensn

231 2848 392 2926 diluvium,
413 2859 448 2910 ut
470 2857 542 2917 200.
557 2859 587 2910 et
607 2852 659 2917 48.
676 2852 762 2911 annis
782 2869 846 2910 ase
863 2851 992 2909 invicem
1005 2848 1148 2907 dissidere
1168 2848 1260 2908 etiam
1284 2869 1324 2909 ex

230 2933 365 2994 Africani
388 2944 529 3014 computo
557 2933 761 2995 declarentur:
789 2954 936 3013 nusquam
960 2933 1052 3009 igitur
1076 2932 1128 2991 liet
1150 2934 1326 2995 seeundum

229 3017 363 3079 Africum
382 3028 526 3094 mentem,
547 3027 582 3078 ut
601 3018 802 3078 Thessolicum
824 3018 882 3076 sub
907 3017 1084 3076 lleucoliona
1108 3016 1262 3078 diluuium
1283 3019 1326 3078 ad

229 3101 524 3184 Misplrragsnctbosis
537 3124 631 3162 annos
644 3112 819 3177 revocetur;
840 3102 913 3161 aliea
929 3100 1063 3161 Atticum
1077 3102 1134 3162 snb
1148 3104 1255 3182 Ogygo
1270 3104 1326 3163 ri-

227 3206 308 3258 sum,
328 3197 422 3249 aetate
442 3207 519 3268 pene
541 3187 642 3248 eadem
666 3187 824 3264 contigisse
848 3186 1071 3249 concederetur.
1120 3187 1320 3265 Singulas-ussa

227 3270 317 3330 unius
338 3271 427 3332 leuius
444 3274 609 3351 argumenti
622 3273 861 3352 propositionum
878 3272 959 3331 dicte
977 3270 1024 3331 bis
1044 3270 1111 3331 aliis
1130 3272 1166 3330 ab
1181 3270 1322 3329 Aethera

227 3354 327 3415 salatia
343 3354 509 3416 firmentur.
550 3357 589 3417 Et
605 3377 694 3437 quarn
711 3356 811 3419 brevis
825 3357 867 3417 sit
879 3356 999 3436 quidem
1019 3356 1161 3435 temporis
1176 3354 1322 3426 ambitus,

228 3458 289 3518 quo
306 3437 455 3498 diluvium
474 3450 634 3521 utrumque
649 3441 875 3522 comprehendit
887 3441 1062 3513 Africanus,
1083 3458 1121 3497 cx
1134 3438 1198 3495 eius
1212 3437 1322 3496 verbis

227 3531 258 3582 et
276 3523 423 3583 sententie
439 3523 593 3603 depromo.
636 3528 803 3605 Ogygneum
818 3525 966 3585 diluvium
980 3543 1064 3603 passa
1083 3530 1129 3580 est
1147 3520 1249 3579 Attica
1265 3542 1322 3581 re·

226 3606 275 3688 gio
288 3606 345 3668 sub
360 3604 469 3668 lnecbo
480 3607 591 3686 Moysis
605 3619 774 3686 coaetaneo,
793 3607 941 3670 Thessalia
953 3607 1063 3686 pariter
1076 3603 1131 3663 sub
1146 3602 1324 3684 Misplrrag-

227 3692 360 3753 snutlrcsi
379 3691 488 3771 Moysis
507 3691 566 3750 ism
592 3692 670 3752 senis
688 3694 839 3773 coaequali
856 3710 956 3771 parens
975 3687 1090 3747 cladem
1107 3697 1153 3747 est
1171 3700 1322 3769 experta:

226 3778 355 3858 spatium
367 3777 465 3857 itaqua
480 3775 689 3836 disterminans
705 3788 865 3854 utrumque
876 3773 913 3833 nd
928 3782 1048 3833 eentum
1063 3781 1094 3831 ot
1109 3772 1215 3851 viginti
1229 3775 1324 3836 dms-

227 3871 312 3923 toxat
325 3882 418 3923 annos
432 3860 579 3936 escesrdM,
602 3880 678 3939 quac
693 3880 837 3920 annorum
856 3878 971 3917 susnme
986 3858 1042 3916 rix
1061 3857 1189 3918 medians
1199 3859 1323 3922 deosu-

226 3955 327 4008 terum
341 3958 371 4007 et
385 3946 577 4028 quedrngintn
589 3955 658 4004 octo
673 3945 710 4003 ab
724 3946 790 4025 ipso
805 3943 948 4004 Africano
962 3941 1219 4005 concadendorum
1236 3966 1324 4006 esna.

225 4031 307 4094 titur.
347 4031 464 4093 Addam
479 4031 621 4112 amplius:
645 4048 684 4088 ne
698 4031 798 4090 sorren
810 4028 929 4108 quidem
940 4027 1020 4088 inter
1033 4027 1187 4108 utriusque
1201 4027 1322 4090 diluvii

224 4113 691 4185 limitesannos120.numereri
707 4135 801 4194 possa.
843 4113 978 4172 Incertus
998 4123 1043 4172 est
1058 4116 1137 4172 enim
1153 4112 1322 4175 Africanus

225 4201 262 4261 de
274 4200 385 4283 Moysis
397 4211 428 4261 et
443 4202 531 4260 Amos
548 4199 743 4280 Aegyptiacae
758 4203 808 4265 18.
852 4197 1011 4277 Dynmtias
1031 4196 1122 4277 prinsi
1137 4198 1211 4276 ragis
1234 4208 1322 4257 aeta·

224 4285 320 4348 tibus:
341 4296 372 4348 st
382 4307 450 4347 cusu
466 4286 555 4347 modo
568 4287 653 4346 reiut
666 4285 817 4347 allinnans
830 4294 924 4365 ponat
939 4284 1061 4362 Moysen
1075 4282 1164 4343 Amos
1176 4292 1322 4361 tempore
