2946 4996
240 399 292 474 70
725 406 862 478 Gonu

239 569 311 632 liter
338 534 499 648 excerph,
518 570 550 626 et
568 583 637 626 cum
655 563 826 646 apographo
849 563 940 645 llegio
961 562 1079 626 fidelior
1112 572 1285 646 computata
1304 585 1331 626 aa

239 651 418 729 reddidero,
446 650 486 710 ad
507 649 636 712 ancmria
656 660 786 711 mentem
807 651 1011 730 lectorumque
1045 647 1206 711 eddonem
1222 649 1332 712 huiua-

240 737 324 800 modi
352 734 595 819 praestolantium
614 733 776 816 plurimum
796 752 844 794 me
869 734 1007 796 mihuiaae
1028 742 1128 811 ratae,
1149 742 1180 795 et
1202 735 1333 817 auaeepti

241 821 342 884 onerie
355 830 472 904 partem
483 818 654 895 exeolviaee,
675 839 738 880 non
753 819 905 899 exemplar
922 820 996 880 adeo
1016 837 1106 898 quam
1126 817 1333 900 apographum

240 906 367 987 Regium
386 905 419 965 in
442 902 616 984 antigrapho
636 903 719 965 fideli
742 904 941 984 evulgandum
963 904 1075 964 curavi.
1118 903 1253 963 lacunae
1267 922 1334 964 eum

242 992 281 1052 oh
302 1011 383 1066 rem,
411 988 501 1049 verba
520 987 697 1049 deformiter
714 988 912 1069 tranopoeita‚
942 986 1074 1048 desectae
1098 988 1183 1048 nullu
1207 988 1259 1048 vel
1271 988 1333 1050 levi

241 1075 347 1136 labora
367 1073 565 1153 reperandae,
587 1073 620 1133 in
639 1075 768 1135 numeria
789 1073 1052 1149 hallucinationea,
1073 1091 1164 1133 vocee
1184 1070 1333 1151 harben,

244 1156 471 1238 orthographiae
482 1157 567 1217 illata
579 1158 721 1236 vulnere,
740 1157 891 1237 graviorea
904 1158 1089 1218 amanueneie
1102 1176 1236 1233 arrum,
1257 1176 1334 1236 quoe

244 1242 455 1325 apographum,
476 1250 512 1302 ut
525 1242 584 1321 legi
597 1252 704 1324 pateat,
718 1243 842 1320 obtulit,
864 1242 896 1303 in
911 1241 1118 1322 artigraphum
1131 1250 1160 1302 et
1171 1240 1335 1303 editionem

242 1327 356 1410 pariter
379 1325 566 1406 recipiendae
586 1326 724 1389 decrevit
745 1338 781 1389 ut
801 1348 836 1388 eo
859 1328 972 1408 gratior
993 1335 1150 1408 appareret
1164 1326 1334 1406 Syncellue,

245 1432 306 1495 quo
319 1411 568 1472 inemendatioret
580 1412 764 1492 incomptior
774 1413 923 1491 prodireta
944 1431 1012 1472 nam
1032 1412 1211 1492 quandoque

478 1494 648 1574 Incomptue
669 1496 748 1553 collo
768 1499 814 1553 cic
830 1497 970 1573 phaceem
989 1516 1103 1556 cuman

245 1580 285 1640 Et
297 1577 398 1638 naaria
412 1598 626 1658 nonnunquam
640 1580 736 1659 pictae
747 1578 872 1638 tabellae
885 1588 968 1639 tanta
980 1577 1047 1637 laue
1057 1577 1196 1653 arceant,
1213 1587 1251 1638 ut
1262 1577 1336 1640 aha·

245 1683 305 1744 que
326 1663 386 1722 illia
410 1673 440 1723 et
464 1663 551 1723 faciei
568 1673 723 1740 vennone,
745 1672 775 1723 et
792 1663 863 1723 artie
878 1662 917 1722 ed
932 1671 1129 1743 prototypum
1149 1660 1260 1722 veritae
1279 1663 1337 1722 im-

243 1747 372 1830 probata
383 1756 523 1809 maneret.
565 1747 687 1808 Mundae
705 1757 803 1808 tamen
816 1747 1011 1807 illaeetellula
1023 1747 1104 1807 iuter
1117 1754 1217 1807 textua
1228 1747 1338 1808 aeriam

245 1832 397 1904 confixae,
418 1831 556 1891 adiacent
574 1833 698 1893 verbum
720 1833 846 1910 virgulio
868 1831 1038 1909 inclutum,
1059 1832 1109 1891 vel
1130 1831 1198 1912 peri
1214 1830 1338 1891 etellula

243 1915 415 1995 marginalia
432 1915 578 1975 correctio
592 1917 733 1976 adnotata
746 1917 779 1974 in
795 1916 946 1976 meliorem
961 1932 1080 1976 aennma
1091 1916 1237 1976 reatituit:
1258 1934 1338 1996 quae

243 2001 270 2063 ai
286 2000 446 2082 prolixiori
465 1999 610 2060 eontentio
628 2010 744 2061 textum
759 2001 938 2082 interpolet,
957 2001 1007 2061 val
1022 2001 1131 2060 clarina
1146 2000 1338 2080 explananda

244 2106 380 2147 artmano
401 2084 531 2163 indigeat
551 2083 715 2157 deonoti,
745 2104 836 2165 quae,
859 2086 996 2165 inquam,
1017 2082 1189 2145 huiuamodi
1208 2093 1271 2162 eat,
1297 2105 1338 2145 ne

244 2171 406 2247 marginem
422 2170 509 2228 arimie
525 2179 648 2248 onerat,
667 2170 717 2229 vel
728 2170 871 2230 leviorem
885 2179 1012 2251 occupet
1022 2169 1139 2247 locum,
1160 2180 1191 2229 et
1203 2170 1338 2230 musun-

245 2255 297 2314 dat
320 2254 471 2328 ordinem,
492 2253 532 2313 ad
550 2265 637 2329 notae
663 2256 847 2320 commodine
863 2255 1041 2315 remittiturz
1063 2275 1103 2316 ex
1127 2275 1188 2336 quo
1209 2254 1337 2332 factm

245 2349 283 2405 ut
298 2337 557 2418 interpolationem
578 2350 777 2419 notarumque
799 2341 888 2400 eimul
901 2339 1102 2400 admixtamm
1117 2342 1270 2424 συιαγογῇ
1287 2358 1338 2417 ge·

244 2423 344 2484 minue
359 2420 410 2481 hie
422 2423 530 2482 titulae
542 2424 721 2503 praemiaeue
732 2424 889 2484 habeatur:
910 2423 1145 2485 Emendationee
1155 2436 1184 2484 ee
1192 2423 1338 2483 Aneaotu·
1458 2456 1459 2465 κ

245 2511 348 2569 ticine.
391 2506 585 2587 Frequentior
599 2518 698 2569 tamen
713 2511 857 2589 expetitae
874 2509 970 2573 ietaor
985 2511 1183 2569 correctionea
1198 2528 1261 2567 non
1279 2508 1338 2569 ad·

244 2593 352 2666 iecur,
373 2592 456 2673 quod
475 2593 608 2669 coneilii,
630 2612 692 2653 non
712 2593 885 2653 oscitantiae
903 2613 995 2675 apua,
1016 2593 1098 2673 quod
1117 2591 1263 2651 nimirum
1278 2612 1339 2652 nu-

244 2676 334 2737 nacn‘e
349 2676 576 2737 euccedentihue
593 2679 801 2759 apponendae,
821 2677 916 2758 priori
928 2676 978 2737 vel
991 2679 1079 2737 etium
1094 2675 1180 2736 alteri
1192 2694 1338 2753 annuae,

245 2761 348 2821 eodeni
358 2760 471 2820 indicio
487 2761 700 2824 coertinuentur
711 2763 745 2823 in
759 2761 892 2842 reliquie,
906 2771 936 2823 et
949 2762 1035 2823 velut
1047 2761 1170 2841 reliquia
1183 2762 1339 2842 appoaitae

245 2853 344 2904 mente
358 2846 480 2904 omnino
494 2855 657 2908 teneantur.
680 2848 726 2906 Ad
740 2847 933 2907 correctionia
942 2856 1042 2907 textae
1056 2847 1113 2905 alia
1121 2866 1169 2906 me
1184 2845 1338 2905 addidiaae

245 2948 309 2988 uon
322 2927 437 2987 inliciat
446 2928 525 2988 iecor
538 2929 640 2989 titulae
647 2931 786 2989 videlicet
794 2932 954 2990 nonnullae
966 2931 1094 3007 ornatui,
1110 2931 1158 2990 vel
1166 2928 1338 2989 adhibendo

209 3068 214 3076 .
234 3011 410 3091 ,dantuiri
421 3012 624 3074 hnerviontea.
641 3014 681 3073 Hi
689 3015 726 3073 ad
734 3013 961 3092 MSmarginem
968 3016 1087 3097 raperti,
1099 3015 1130 3074 in
1139 3013 1212 3074 editi
1219 3021 1337 3076 textum
1457 3042 1458 3053 ¹

245 3097 401 3175 commode
413 3097 577 3179 deportati,
603 3108 654 3158 aut
674 3119 735 3158 non
750 3108 899 3159 exetantea
911 3118 949 3158 ex
964 3099 1149 3160 neceeaitetie
1164 3094 1268 3158 officio
1284 3099 1336 3159 in-

244 3183 336 3243 truei:
351 3180 453 3252 'huiua
466 3191 564 3243 autem
585 3183 634 3243 rel
653 3181 734 3246 illiue
751 3184 866 3263 ganeeia
888 3182 1057 3264 quicunque
1077 3181 1203 3258 fuerint,
1225 3203 1264 3244 ax
1282 3204 1336 3244 ao·

247 3267 301 3326 ciie
315 3267 566 3328 annotatiunculia
579 3266 611 3327 in
625 3267 690 3349 ipeo
703 3269 833 3348 margine
846 3268 1068 3348 dignoecuntur.
1096 3264 1232 3335 Editione
1243 3289 1335 3348 porro

245 3352 318 3427 iata,
341 3370 410 3412 cuna
428 3352 598 3412 authentico
617 3353 707 3432 Regio
730 3362 867 3413 accurate
882 3352 1010 3426 collata;
1033 3350 1128 3411 codex
1142 3352 1335 3432 poatmodum

247 3444 372 3515 uterque
393 3457 460 3496 cum
483 3438 686 3516 Scaliger-iunia
703 3437 852 3517 excerptio
874 3455 937 3495 non
959 3436 1159 3515 perfunctorie
1175 3456 1335 3516 compera-

245 3528 307 3578 tua.
352 3520 447 3580 Habet
476 3541 549 3582 vero
571 3523 700 3601 Scaliger
720 3520 859 3596 Eueebii,
887 3539 963 3599 quae
989 3520 1115 3597 iudicat,
1143 3521 1295 3600 Excerpta
1315 3542 1336 3581 a

248 3603 355 3662 Graeci
372 3612 470 3666 textue
483 3607 627 3668 Theeauri
642 3617 808 3687 temporum
823 3623 888 3683 pag.
901 3603 987 3670 3.,ιι1
997 3607 1156 3665 recondam
1176 3623 1269 3685 eupra
1287 3625 1334 3665 ae-
1456 3628 1457 3649 ι

247 3687 475 3770 ptuegeaimam:
497 3692 548 3770 qui
564 3692 700 3771 requitur
712 3689 832 3750 Eueehii
848 3687 1010 3751 Chronioue
1020 3690 1122 3750 Cotton
1138 3688 1251 3749 Graece
1261 3689 1336 3750 retl-

246 3773 329 3832 ditua
346 3772 465 3849 Georgii
481 3774 618 3852 imitatio,
632 3785 662 3834 et
675 3774 792 3835 Eueehii
803 3772 964 3850 tranalatiu,
979 3795 1043 3835 nun
1058 3769 1177 3833 Euaebii
1191 3773 1335 3835 exGeor·

244 3857 293 3935 gio
313 3867 453 3936 excerpta
475 3858 652 3919 eiaceriorut
684 3857 815 3917 Africani
832 3860 975 3919 nonnulla
996 3856 1107 3918 ibidem
1126 3856 1232 3936 obvia,
1261 3878 1335 3920 cum

244 3943 326 4001 inter
337 3941 499 4003 Etnehiana
519 3944 644 4022 poesim,
665 3951 731 4002 tutu
749 3944 876 4004 maxime
892 3953 994 4005 textae
1011 3941 1117 4002 Graeci
1129 3962 1194 4023 pag.
1213 3944 1288 4011 365.
1300 3953 1336 4003 et

244 4026 473 4087 euccetlentihue
497 4036 766 4107 repraesentantur
792 4029 907 4108 raliqua
926 4025 1046 4105 Georgii
1064 4027 1185 4087 nomine
1206 4027 1335 4108 ectipta,

245 4111 294 4171 vel
306 4111 421 4171 Anione
442 4121 472 4169 et
485 4112 640 4173 Panodoro
658 4120 740 4172 certo
754 4112 949 4175 adecrihcnda
963 4111 1043 4171 inter
1062 4111 1336 4174 animadvereionea
1455 4110 1456 4181 I

244 4196 370 4274 epareim
389 4196 485 4256 reiicit
497 4196 642 4273 Scaliger:
664 4205 750 4275 atque
764 4196 822 4273 ita,
844 4197 926 4278 quod
945 4195 1032 4256 aiunt
1052 4194 1187 4278 lllyrici,
1209 4197 1337 4276 syncel.

244 4279 314 4338 liutai
332 4281 431 4360 operia
448 4280 598 4340 materiam
621 4279 747 4362 primam
763 4292 930 4357 teruntur,
951 4290 1156 4362 repertamque
1176 4279 1210 4339 in
1230 4290 1336 4361 pertua

243 4363 316 4423 aliae
334 4384 371 4424 ea
392 4365 483 4426 enimi
499 4366 572 4427 bene
586 4366 699 4449 plaeito
714 4366 876 4430 diatrihuit.
918 4365 1006 4430 Haud
1021 4366 1157 4448 equidem
1171 4364 1261 4448 plura
1272 4365 1338 4429 dia·
