<?xml version="1.0" encoding="UTF-8"?>
<!DOCTYPE html PUBLIC "-//W3C//DTD XHTML 1.0 Transitional//EN"
    "http://www.w3.org/TR/xhtml1/DTD/xhtml1-transitional.dtd">
<html xmlns="http://www.w3.org/1999/xhtml" xml:lang="en" lang="en">
 <head>
  <title>
</title>
<meta http-equiv="Content-Type" content="text/html;charset=utf-8" />
  <meta name='ocr-system' content='tesseract 3.04.00' />
  <meta name='ocr-capabilities' content='ocr_page ocr_carea ocr_par ocr_line ocrx_word'/>
</head>
<body>
  <div class='ocr_page' id='page_1' title='image "./corpusscriptoru10berlgoog_0441.png"; bbox 0 0 2864 5004; ppageno 0'>
   <div class='ocr_carea' id='block_1_1' title="bbox 264 369 1340 618">
    <p class='ocr_par' dir='ltr' id='par_1_1' title="bbox 264 369 1340 618">
     <span class='ocr_line' id='line_1_1' title="bbox 264 369 976 448; baseline 0.006 -4"><span class='ocrx_word' id='word_1_1' title='bbox 264 369 340 444; x_wconf 77' lang='grc'><strong>416</strong></span> <span class='ocrx_word' id='word_1_2' title='bbox 363 384 369 396; x_wconf 88' lang='grc'>’</span> <span class='ocrx_word' id='word_1_3' title='bbox 633 376 976 448; x_wconf 76' lang='lat' dir='ltr'><strong>EMENDATIONES</strong></span> 
     </span>
     <span class='ocr_line' id='line_1_2' title="bbox 344 527 1340 618; baseline -0.003 -18"><span class='ocrx_word' id='word_1_4' title='bbox 344 538 414 618; x_wconf 74' lang='lat' dir='ltr'>rag.</span> <span class='ocrx_word' id='word_1_5' title='bbox 434 541 486 606; x_wconf 82' lang='grc'><strong>97.</strong></span> <span class='ocrx_word' id='word_1_6' title='bbox 510 528 728 617; x_wconf 73' lang='grc' dir='ltr'><strong>’.47777177νὸ.</strong></span> <span class='ocrx_word' id='word_1_7' title='bbox 752 534 940 617; x_wconf 72' lang='grc' dir='ltr'><strong><em>ἐβασίλευσεν</em></strong></span> <span class='ocrx_word' id='word_1_8' title='bbox 953 527 1096 616; x_wconf 67' lang='lat' dir='ltr'>Nostine]</span> <span class='ocrx_word' id='word_1_9' title='bbox 1128 535 1170 596; x_wconf 84' lang='lat' dir='ltr'>Ut</span> <span class='ocrx_word' id='word_1_10' title='bbox 1189 557 1207 597; x_wconf 91' lang='grc'><strong>7</strong></span> <span class='ocrx_word' id='word_1_11' title='bbox 1224 536 1340 617; x_wconf 78' lang='lat' dir='ltr'><strong>Georgii</strong></span> 
     </span>
    </p>
   </div>
   <div class='ocr_carea' id='block_1_2' title="bbox 252 619 1340 2833">
    <p class='ocr_par' dir='ltr' id='par_1_2' title="bbox 252 619 1340 2811">
     <span class='ocr_line' id='line_1_3' title="bbox 262 619 1340 704; baseline -0.001 -20"><span class='ocrx_word' id='word_1_12' title='bbox 262 623 396 704; x_wconf 86' lang='lat' dir='ltr'>scriptis,</span> <span class='ocrx_word' id='word_1_13' title='bbox 416 622 457 682; x_wconf 91' lang='grc'><strong>177</strong></span> <span class='ocrx_word' id='word_1_14' title='bbox 478 642 516 681; x_wconf 83' lang='lat' dir='ltr'><strong>ex</strong></span> <span class='ocrx_word' id='word_1_15' title='bbox 535 621 655 702; x_wconf 85' lang='lat' dir='ltr'>proprio</span> <span class='ocrx_word' id='word_1_16' title='bbox 675 619 821 680; x_wconf 86' lang='lat' dir='ltr'>industrie</span> <span class='ocrx_word' id='word_1_17' title='bbox 839 619 1002 679; x_wconf 81' lang='lat' dir='ltr'>Eusebium</span> <span class='ocrx_word' id='word_1_18' title='bbox 1025 619 1083 678; x_wconf 87' lang='lat' dir='ltr'>sibi</span> <span class='ocrx_word' id='word_1_19' title='bbox 1103 619 1188 699; x_wconf 84' lang='lat' dir='ltr'>fingit</span> <span class='ocrx_word' id='word_1_20' title='bbox 1215 623 1340 701; x_wconf 78' lang='lat' dir='ltr'>Sesiiger</span> 
     </span>
     <span class='ocr_line' id='line_1_4' title="bbox 261 698 1340 803; baseline 0.002 -36"><span class='ocrx_word' id='word_1_21' title='bbox 261 728 328 792; x_wconf 78' lang='lat' dir='ltr'>pog.</span> <span class='ocrx_word' id='word_1_22' title='bbox 349 711 399 773; x_wconf 99' lang='lat'><strong>19</strong></span> <span class='ocrx_word' id='word_1_23' title='bbox 421 714 451 766; x_wconf 91' lang='lat' dir='ltr'><strong>et</strong></span> <span class='ocrx_word' id='word_1_24' title='bbox 470 706 507 764; x_wconf 87' lang='lat' dir='ltr'><strong>nd</strong></span> <span class='ocrx_word' id='word_1_25' title='bbox 526 703 600 764; x_wconf 80' lang='lat' dir='ltr'>brec</span> <span class='ocrx_word' id='word_1_26' title='bbox 621 705 777 766; x_wconf 70' lang='lat' dir='ltr'>subnectit.</span> <span class='ocrx_word' id='word_1_27' title='bbox 828 706 928 767; x_wconf 86' lang='grc' dir='ltr'><strong><em>Νίνου</em></strong></span> <span class='ocrx_word' id='word_1_28' title='bbox 947 698 1110 803; x_wconf 72' lang='grc' dir='ltr'><strong>Ἀσσυρίων</strong></span> <span class='ocrx_word' id='word_1_29' title='bbox 1132 703 1340 785; x_wconf 70' lang='grc' dir='ltr'><strong>βασιλεύοντος</strong></span> 
     </span>
     <span class='ocr_line' id='line_1_5' title="bbox 261 782 1339 873; baseline -0.004 -16"><span class='ocrx_word' id='word_1_30' title='bbox 261 793 434 873; x_wconf 72' lang='grc' dir='ltr'><strong><em>Αἰγυπτίων</em></strong></span> <span class='ocrx_word' id='word_1_31' title='bbox 447 784 685 869; x_wconf 72' lang='grc' dir='ltr'><strong><em>ίβασίλευσευ’</em></strong></span> <span class='ocrx_word' id='word_1_32' title='bbox 653 813 695 853; x_wconf 89' lang='grc'><strong>77.</strong></span> <span class='ocrx_word' id='word_1_33' title='bbox 716 784 850 868; x_wconf 85' lang='grc' dir='ltr'><strong><em>Μωίμωυ</em></strong></span> <span class='ocrx_word' id='word_1_34' title='bbox 867 782 985 870; x_wconf 75' lang='grc'><strong>1777771.</strong></span> <span class='ocrx_word' id='word_1_35' title='bbox 1033 789 1113 848; x_wconf 88' lang='lat' dir='ltr'>inter</span> <span class='ocrx_word' id='word_1_36' title='bbox 1131 792 1339 871; x_wconf 74' lang='lat' dir='ltr'>Aegyptiorum</span> 
     </span>
     <span class='ocr_line' id='line_1_6' title="bbox 261 872 1339 972; baseline -0.002 -35"><span class='ocrx_word' id='word_1_37' title='bbox 261 896 344 955; x_wconf 81' lang='lat' dir='ltr'>reges</span> <span class='ocrx_word' id='word_1_38' title='bbox 360 895 424 957; x_wconf 76' lang='lat' dir='ltr'><strong>pog</strong></span> <span class='ocrx_word' id='word_1_39' title='bbox 443 882 598 972; x_wconf 77' lang='lat' dir='ltr'>pressante</span> <span class='ocrx_word' id='word_1_40' title='bbox 620 875 771 935; x_wconf 81' lang='grc'><strong>7771177777</strong></span> <span class='ocrx_word' id='word_1_41' title='bbox 786 881 902 933; x_wconf 80' lang='lat' dir='ltr'>sextum</span> <span class='ocrx_word' id='word_1_42' title='bbox 917 872 1064 932; x_wconf 89' lang='lat' dir='ltr'>decimum</span> <span class='ocrx_word' id='word_1_43' title='bbox 1083 872 1253 935; x_wconf 71' lang='lat' dir='ltr'>observavit</span> <span class='ocrx_word' id='word_1_44' title='bbox 1267 896 1339 935; x_wconf 85' lang='lat' dir='ltr'>sno·</span> 
     </span>
     <span class='ocr_line' id='line_1_7' title="bbox 261 957 1337 1041; baseline -0.001 -21"><span class='ocrx_word' id='word_1_45' title='bbox 261 980 401 1041; x_wconf 82' lang='lat' dir='ltr'>nymuns,</span> <span class='ocrx_word' id='word_1_46' title='bbox 422 979 515 1018; x_wconf 78' lang='lat' dir='ltr'>annos</span> <span class='ocrx_word' id='word_1_47' title='bbox 537 959 599 1017; x_wconf 91' lang='lat' dir='ltr'>eius</span> <span class='ocrx_word' id='word_1_48' title='bbox 621 960 670 1025; x_wconf 86' lang='grc'><strong>14.</strong></span> <span class='ocrx_word' id='word_1_49' title='bbox 695 957 860 1035; x_wconf 80' lang='lat' dir='ltr'>sGeorgio</span> <span class='ocrx_word' id='word_1_50' title='bbox 879 968 1066 1031; x_wconf 75' lang='lat' dir='ltr'>numeratus,</span> <span class='ocrx_word' id='word_1_51' title='bbox 1087 958 1151 1016; x_wconf 90' lang='lat' dir='ltr'>eius</span> <span class='ocrx_word' id='word_1_52' title='bbox 1173 968 1290 1040; x_wconf 89' lang='lat' dir='ltr'>tempus</span> <span class='ocrx_word' id='word_1_53' title='bbox 1309 960 1337 1019; x_wconf 88' lang='lat' dir='ltr'><strong>in</strong></span> 
     </span>
     <span class='ocr_line' id='line_1_8' title="bbox 261 1001 1338 1122; baseline -0.002 -17"><span class='ocrx_word' id='word_1_54' title='bbox 261 1045 366 1105; x_wconf 87' lang='lat' dir='ltr'>mundi</span> <span class='ocrx_word' id='word_1_55' title='bbox 385 1047 478 1109; x_wconf 74' lang='lat'><strong>8220.</strong></span> <span class='ocrx_word' id='word_1_56' title='bbox 499 1044 581 1103; x_wconf 73' lang='grc'><strong>17777</strong></span> <span class='ocrx_word' id='word_1_57' title='bbox 602 1044 719 1121; x_wconf 81' lang='lat' dir='ltr'><strong>Georgii</strong></span> <span class='ocrx_word' id='word_1_58' title='bbox 746 1043 876 1101; x_wconf 88' lang='grc'><strong>77177177</strong></span> <span class='ocrx_word' id='word_1_59' title='bbox 891 1041 1025 1101; x_wconf 88' lang='lat' dir='ltr'>incidens</span> <span class='ocrx_word' id='word_1_60' title='bbox 1041 1001 1230 1102; x_wconf 72' lang='lat' dir='ltr'>observavit.</span> <span class='ocrx_word' id='word_1_61' title='bbox 1255 1065 1338 1122; x_wconf 81' lang='lat' dir='ltr'>pree·</span> 
     </span>
     <span class='ocr_line' id='line_1_9' title="bbox 260 1126 1340 1207; baseline 0 -19"><span class='ocrx_word' id='word_1_62' title='bbox 260 1130 437 1206; x_wconf 77' lang='lat' dir='ltr'>semitisque</span> <span class='ocrx_word' id='word_1_63' title='bbox 454 1127 558 1185; x_wconf 79' lang='lat' dir='ltr'>temtus</span> <span class='ocrx_word' id='word_1_64' title='bbox 576 1127 646 1205; x_wconf 86' lang='lat' dir='ltr'>(quo</span> <span class='ocrx_word' id='word_1_65' title='bbox 661 1128 763 1187; x_wconf 84' lang='lat' dir='ltr'>{ictum</span> <span class='ocrx_word' id='word_1_66' title='bbox 776 1127 931 1186; x_wconf 85' lang='lat' dir='ltr'>Miumunis</span> <span class='ocrx_word' id='word_1_67' title='bbox 946 1146 1067 1199; x_wconf 90' lang='lat' dir='ltr'>nomen,</span> <span class='ocrx_word' id='word_1_68' title='bbox 1089 1126 1228 1187; x_wconf 86' lang='grc'><strong>1777777777</strong></span> <span class='ocrx_word' id='word_1_69' title='bbox 1243 1128 1340 1207; x_wconf 84' lang='grc'><strong>77717-</strong></span> 
     </span>
     <span class='ocr_line' id='line_1_10' title="bbox 259 1211 1337 1295; baseline -0.002 -22"><span class='ocrx_word' id='word_1_70' title='bbox 259 1234 293 1274; x_wconf 88' lang='lat' dir='ltr'><strong>re</strong></span> <span class='ocrx_word' id='word_1_71' title='bbox 307 1222 421 1295; x_wconf 86' lang='lat' dir='ltr'>potest,</span> <span class='ocrx_word' id='word_1_72' title='bbox 445 1221 475 1270; x_wconf 91' lang='grc'><strong>77</strong></span> <span class='ocrx_word' id='word_1_73' title='bbox 494 1212 626 1271; x_wconf 85' lang='grc'><strong>7711777771</strong></span> <span class='ocrx_word' id='word_1_74' title='bbox 651 1213 697 1278; x_wconf 82' lang='grc'><strong>74.</strong></span> <span class='ocrx_word' id='word_1_75' title='bbox 718 1212 787 1270; x_wconf 72' lang='lat' dir='ltr'>onesi</span> <span class='ocrx_word' id='word_1_76' title='bbox 803 1230 870 1271; x_wconf 84' lang='lat' dir='ltr'>cuns</span> <span class='ocrx_word' id='word_1_77' title='bbox 885 1231 1031 1290; x_wconf 78' lang='lat' dir='ltr'>anonymo</span> <span class='ocrx_word' id='word_1_78' title='bbox 1043 1211 1238 1285; x_wconf 74' lang='lat' dir='ltr'>conveniant,</span> <span class='ocrx_word' id='word_1_79' title='bbox 1259 1213 1337 1291; x_wconf 87' lang='lat' dir='ltr'>ipse·</span> 
     </span>
     <span class='ocr_line' id='line_1_11' title="bbox 260 1295 1337 1378; baseline 0 -21"><span class='ocrx_word' id='word_1_80' title='bbox 260 1318 319 1378; x_wconf 85' lang='lat' dir='ltr'><strong>que</strong></span> <span class='ocrx_word' id='word_1_81' title='bbox 330 1316 494 1375; x_wconf 75' lang='lat' dir='ltr'>anonymus</span> <span class='ocrx_word' id='word_1_82' title='bbox 509 1296 586 1357; x_wconf 82' lang='lat' dir='ltr'>circo</span> <span class='ocrx_word' id='word_1_83' title='bbox 603 1296 705 1355; x_wconf 92' lang='lat' dir='ltr'>mundi</span> <span class='ocrx_word' id='word_1_84' title='bbox 719 1299 813 1363; x_wconf 78' lang='lat'><strong>3220.</strong></span> <span class='ocrx_word' id='word_1_85' title='bbox 832 1295 980 1368; x_wconf 82' lang='lat' dir='ltr'>extitisse,</span> <span class='ocrx_word' id='word_1_86' title='bbox 1002 1315 1063 1374; x_wconf 87' lang='lat' dir='ltr'><strong>qno</strong></span> <span class='ocrx_word' id='word_1_87' title='bbox 1081 1295 1175 1356; x_wconf 87' lang='lat' dir='ltr'>Ninus</span> <span class='ocrx_word' id='word_1_88' title='bbox 1192 1296 1337 1357; x_wconf 75' lang='lat' dir='ltr'>Abrninn</span> 
     </span>
     <span class='ocr_line' id='line_1_12' title="bbox 258 1378 1338 1461; baseline 0.001 -21"><span class='ocrx_word' id='word_1_89' title='bbox 258 1382 388 1461; x_wconf 85' lang='lat' dir='ltr'>sequslis</span> <span class='ocrx_word' id='word_1_90' title='bbox 402 1400 440 1440; x_wconf 84' lang='lat' dir='ltr'><strong>ex</strong></span> <span class='ocrx_word' id='word_1_91' title='bbox 451 1380 568 1439; x_wconf 81' lang='lat' dir='ltr'>Eusebii</span> <span class='ocrx_word' id='word_1_92' title='bbox 581 1390 709 1460; x_wconf 89' lang='lat' dir='ltr'>supputo</span> <span class='ocrx_word' id='word_1_93' title='bbox 723 1380 802 1439; x_wconf 87' lang='lat' dir='ltr'>inter</span> <span class='ocrx_word' id='word_1_94' title='bbox 817 1380 903 1440; x_wconf 83' lang='grc'><strong>71777</strong></span> <span class='ocrx_word' id='word_1_95' title='bbox 915 1378 1025 1457; x_wconf 73' lang='lat' dir='ltr'>egebat,</span> <span class='ocrx_word' id='word_1_96' title='bbox 1045 1379 1223 1460; x_wconf 84' lang='lat' dir='ltr'>reperietur)</span> <span class='ocrx_word' id='word_1_97' title='bbox 1237 1403 1254 1439; x_wconf 88' lang='grc'><strong>7</strong></span> <span class='ocrx_word' id='word_1_98' title='bbox 1268 1384 1338 1441; x_wconf 86' lang='lat' dir='ltr'><strong>Sco·</strong></span> 
     </span>
     <span class='ocr_line' id='line_1_13' title="bbox 256 1464 1336 1544; baseline 0 -19"><span class='ocrx_word' id='word_1_99' title='bbox 256 1465 349 1544; x_wconf 74' lang='lat' dir='ltr'>ligero</span> <span class='ocrx_word' id='word_1_100' title='bbox 366 1477 506 1544; x_wconf 88' lang='lat' dir='ltr'>tanusm</span> <span class='ocrx_word' id='word_1_101' title='bbox 520 1485 557 1524; x_wconf 83' lang='lat' dir='ltr'><strong>ex</strong></span> <span class='ocrx_word' id='word_1_102' title='bbox 572 1465 690 1543; x_wconf 81' lang='lat' dir='ltr'>Georgii</span> <span class='ocrx_word' id='word_1_103' title='bbox 704 1464 823 1543; x_wconf 88' lang='lat' dir='ltr'>scriptis</span> <span class='ocrx_word' id='word_1_104' title='bbox 838 1475 1008 1544; x_wconf 73' lang='lat' dir='ltr'>reparatore</span> <span class='ocrx_word' id='word_1_105' title='bbox 1023 1464 1216 1524; x_wconf 75' lang='lat' dir='ltr'>adinventum</span> <span class='ocrx_word' id='word_1_106' title='bbox 1232 1475 1262 1524; x_wconf 89' lang='grc'><strong>77</strong></span> <span class='ocrx_word' id='word_1_107' title='bbox 1280 1464 1336 1525; x_wconf 87' lang='grc'><strong>1777</strong></span> 
     </span>
     <span class='ocr_line' id='line_1_14' title="bbox 258 1547 1337 1630; baseline -0.002 -21"><span class='ocrx_word' id='word_1_108' title='bbox 258 1550 426 1630; x_wconf 73' lang='lat' dir='ltr'>appositum</span> <span class='ocrx_word' id='word_1_109' title='bbox 442 1559 496 1608; x_wconf 89' lang='grc'><strong>777.</strong></span> <span class='ocrx_word' id='word_1_110' title='bbox 538 1550 677 1609; x_wconf 88' lang='lat' dir='ltr'>Scenicns</span> <span class='ocrx_word' id='word_1_111' title='bbox 691 1557 845 1608; x_wconf 77' lang='lat' dir='ltr'>esttamen</span> <span class='ocrx_word' id='word_1_112' title='bbox 863 1558 893 1608; x_wconf 88' lang='grc'><strong>77</strong></span> <span class='ocrx_word' id='word_1_113' title='bbox 913 1568 950 1609; x_wconf 78' lang='lat' dir='ltr'><strong>ex</strong></span> <span class='ocrx_word' id='word_1_114' title='bbox 966 1547 1056 1607; x_wconf 90' lang='lat' dir='ltr'>dubio</span> <span class='ocrx_word' id='word_1_115' title='bbox 1075 1548 1201 1630; x_wconf 87' lang='lat' dir='ltr'>losepbo</span> <span class='ocrx_word' id='word_1_116' title='bbox 1220 1558 1337 1609; x_wconf 86' lang='lat' dir='ltr'>mutus·</span> 
     </span>
     <span class='ocr_line' id='line_1_15' title="bbox 257 1632 1337 1716; baseline 0.002 -22"><span class='ocrx_word' id='word_1_117' title='bbox 257 1644 307 1695; x_wconf 90' lang='lat' dir='ltr'><strong>tus</strong></span> <span class='ocrx_word' id='word_1_118' title='bbox 330 1635 381 1697; x_wconf 90' lang='grc'><strong>1117</strong></span> <span class='ocrx_word' id='word_1_119' title='bbox 402 1634 531 1693; x_wconf 85' lang='grc'><strong>1111777777</strong></span> <span class='ocrx_word' id='word_1_120' title='bbox 552 1634 605 1714; x_wconf 89' lang='lat' dir='ltr'><strong>qui</strong></span> <span class='ocrx_word' id='word_1_121' title='bbox 625 1635 748 1713; x_wconf 86' lang='lat' dir='ltr'>quintus</span> <span class='ocrx_word' id='word_1_122' title='bbox 771 1633 902 1693; x_wconf 86' lang='lat' dir='ltr'>decimus</span> <span class='ocrx_word' id='word_1_123' title='bbox 923 1633 1000 1692; x_wconf 84' lang='lat' dir='ltr'>sexti</span> <span class='ocrx_word' id='word_1_124' title='bbox 1026 1632 1134 1692; x_wconf 86' lang='lat' dir='ltr'>decimi</span> <span class='ocrx_word' id='word_1_125' title='bbox 1152 1640 1337 1716; x_wconf 73' lang='grc'><strong>7777777177</strong></span> 
     </span>
     <span class='ocr_line' id='line_1_16' title="bbox 257 1717 1336 1798; baseline -0.001 -21"><span class='ocrx_word' id='word_1_126' title='bbox 257 1739 361 1796; x_wconf 78' lang='lat' dir='ltr'>gerens</span> <span class='ocrx_word' id='word_1_127' title='bbox 377 1720 528 1778; x_wconf 83' lang='lat' dir='ltr'>educitur:</span> <span class='ocrx_word' id='word_1_128' title='bbox 550 1738 657 1777; x_wconf 89' lang='lat' dir='ltr'>nomen</span> <span class='ocrx_word' id='word_1_129' title='bbox 671 1718 888 1795; x_wconf 75' lang='grc'><strong>717711717777,</strong></span> <span class='ocrx_word' id='word_1_130' title='bbox 903 1717 1036 1790; x_wconf 79' lang='lat' dir='ltr'>Eusebio,</span> <span class='ocrx_word' id='word_1_131' title='bbox 1053 1718 1178 1796; x_wconf 82' lang='lat' dir='ltr'>Georgio</span> <span class='ocrx_word' id='word_1_132' title='bbox 1192 1730 1222 1778; x_wconf 89' lang='grc'><strong>77</strong></span> <span class='ocrx_word' id='word_1_133' title='bbox 1237 1721 1336 1798; x_wconf 79' lang='grc'><strong>11777·</strong></span> 
     </span>
     <span class='ocr_line' id='line_1_17' title="bbox 256 1801 1336 1882; baseline -0.002 -19"><span class='ocrx_word' id='word_1_134' title='bbox 256 1804 380 1863; x_wconf 83' lang='grc'><strong>77177777</strong></span> <span class='ocrx_word' id='word_1_135' title='bbox 395 1804 604 1882; x_wconf 78' lang='lat' dir='ltr'>Aegyptiorum</span> <span class='ocrx_word' id='word_1_136' title='bbox 620 1804 872 1880; x_wconf 82' lang='lat' dir='ltr'>recognitoribus,</span> <span class='ocrx_word' id='word_1_137' title='bbox 897 1812 926 1860; x_wconf 85' lang='lat' dir='ltr'><strong>et</strong></span> <span class='ocrx_word' id='word_1_138' title='bbox 942 1802 997 1882; x_wconf 90' lang='lat' dir='ltr'>ipsi</span> <span class='ocrx_word' id='word_1_139' title='bbox 1019 1801 1165 1878; x_wconf 75' lang='lat' dir='ltr'>Smiigero</span> <span class='ocrx_word' id='word_1_140' title='bbox 1185 1803 1218 1861; x_wconf 91' lang='lat' dir='ltr'><strong>in</strong></span> <span class='ocrx_word' id='word_1_141' title='bbox 1239 1805 1336 1862; x_wconf 79' lang='lat' dir='ltr'>Ceno-</span> 
     </span>
     <span class='ocr_line' id='line_1_18' title="bbox 256 1886 1336 1967; baseline -0.001 -20"><span class='ocrx_word' id='word_1_142' title='bbox 256 1888 346 1947; x_wconf 85' lang='lat' dir='ltr'>nibus</span> <span class='ocrx_word' id='word_1_143' title='bbox 359 1887 514 1965; x_wconf 75' lang='lat' dir='ltr'>Isogogicis</span> <span class='ocrx_word' id='word_1_144' title='bbox 529 1889 731 1966; x_wconf 76' lang='lat' dir='ltr'>incognitum:</span> <span class='ocrx_word' id='word_1_145' title='bbox 747 1897 776 1946; x_wconf 91' lang='lat' dir='ltr'><strong>et</strong></span> <span class='ocrx_word' id='word_1_146' title='bbox 786 1886 898 1946; x_wconf 78' lang='lat' dir='ltr'>incidet</span> <span class='ocrx_word' id='word_1_147' title='bbox 910 1887 980 1945; x_wconf 90' lang='lat' dir='ltr'>ticet</span> <span class='ocrx_word' id='word_1_148' title='bbox 993 1888 1056 1946; x_wconf 87' lang='lat' dir='ltr'>eius</span> <span class='ocrx_word' id='word_1_149' title='bbox 1072 1894 1188 1967; x_wconf 88' lang='lat' dir='ltr'>tempus</span> <span class='ocrx_word' id='word_1_150' title='bbox 1203 1887 1236 1946; x_wconf 90' lang='lat' dir='ltr'><strong>in</strong></span> <span class='ocrx_word' id='word_1_151' title='bbox 1253 1907 1336 1946; x_wconf 81' lang='grc'><strong>77777·</strong></span> 
     </span>
     <span class='ocr_line' id='line_1_19' title="bbox 256 1970 1335 2052; baseline -0.001 -21"><span class='ocrx_word' id='word_1_152' title='bbox 256 1972 289 2031; x_wconf 88' lang='grc'><strong>711</strong></span> <span class='ocrx_word' id='word_1_153' title='bbox 309 1976 401 2038; x_wconf 75' lang='lat'><strong>3220.</strong></span> <span class='ocrx_word' id='word_1_154' title='bbox 426 1990 462 2029; x_wconf 85' lang='lat' dir='ltr'><strong>ex</strong></span> <span class='ocrx_word' id='word_1_155' title='bbox 486 1970 605 2048; x_wconf 80' lang='lat' dir='ltr'>Georgii</span> <span class='ocrx_word' id='word_1_156' title='bbox 624 1982 771 2052; x_wconf 89' lang='lat' dir='ltr'>supputo,</span> <span class='ocrx_word' id='word_1_157' title='bbox 793 1970 952 2030; x_wconf 76' lang='lat' dir='ltr'>Abraimmi</span> <span class='ocrx_word' id='word_1_158' title='bbox 973 1980 1070 2030; x_wconf 80' lang='lat' dir='ltr'>tomen</span> <span class='ocrx_word' id='word_1_159' title='bbox 1089 1991 1123 2030; x_wconf 85' lang='lat' dir='ltr'>sc</span> <span class='ocrx_word' id='word_1_160' title='bbox 1143 1972 1212 2030; x_wconf 86' lang='lat' dir='ltr'>Nini</span> <span class='ocrx_word' id='word_1_161' title='bbox 1230 1981 1335 2031; x_wconf 86' lang='grc'><strong>7777777</strong></span> 
     </span>
     <span class='ocr_line' id='line_1_20' title="bbox 257 2054 1335 2134; baseline 0 -20"><span class='ocrx_word' id='word_1_162' title='bbox 257 2057 344 2115; x_wconf 80' lang='lat' dir='ltr'>annis</span> <span class='ocrx_word' id='word_1_163' title='bbox 359 2057 552 2114; x_wconf 73' lang='lat' dir='ltr'>[sescentum</span> <span class='ocrx_word' id='word_1_164' title='bbox 569 2058 735 2133; x_wconf 75' lang='lat' dir='ltr'>praevenit,</span> <span class='ocrx_word' id='word_1_165' title='bbox 759 2075 824 2115; x_wconf 88' lang='lat' dir='ltr'><strong>cnm</strong></span> <span class='ocrx_word' id='word_1_166' title='bbox 846 2056 989 2134; x_wconf 80' lang='lat' dir='ltr'>Georgius</span> <span class='ocrx_word' id='word_1_167' title='bbox 1006 2066 1165 2134; x_wconf 86' lang='lat' dir='ltr'>utrumque</span> <span class='ocrx_word' id='word_1_168' title='bbox 1178 2056 1217 2115; x_wconf 87' lang='grc'><strong>771</strong></span> <span class='ocrx_word' id='word_1_169' title='bbox 1233 2054 1335 2115; x_wconf 87' lang='lat' dir='ltr'>mundi</span> 
     </span>
     <span class='ocr_line' id='line_1_21' title="bbox 254 2139 1335 2218; baseline 0.002 -21"><span class='ocrx_word' id='word_1_170' title='bbox 254 2142 350 2206; x_wconf 79' lang='grc'><strong>8312.</strong></span> <span class='ocrx_word' id='word_1_171' title='bbox 369 2148 503 2218; x_wconf 76' lang='lat' dir='ltr'>seponat.</span> <span class='ocrx_word' id='word_1_172' title='bbox 547 2139 640 2198; x_wconf 83' lang='lat' dir='ltr'>Cnuse</span> <span class='ocrx_word' id='word_1_173' title='bbox 659 2139 758 2218; x_wconf 77' lang='lat' dir='ltr'>itaque</span> <span class='ocrx_word' id='word_1_174' title='bbox 780 2140 993 2218; x_wconf 78' lang='lat' dir='ltr'>Scaligerionee</span> <span class='ocrx_word' id='word_1_175' title='bbox 1014 2139 1144 2199; x_wconf 84' lang='lat' dir='ltr'>fictionis</span> <span class='ocrx_word' id='word_1_176' title='bbox 1171 2149 1217 2201; x_wconf 83' lang='grc'><strong>777</strong></span> <span class='ocrx_word' id='word_1_177' title='bbox 1241 2159 1335 2199; x_wconf 75' lang='lat' dir='ltr'>onnus</span> 
     </span>
     <span class='ocr_line' id='line_1_22' title="bbox 254 2223 1334 2301; baseline 0.002 -18"><span class='ocrx_word' id='word_1_178' title='bbox 254 2223 361 2283; x_wconf 87' lang='lat' dir='ltr'>mundi</span> <span class='ocrx_word' id='word_1_179' title='bbox 377 2227 470 2290; x_wconf 77' lang='lat'><strong>3220.</strong></span> <span class='ocrx_word' id='word_1_180' title='bbox 487 2244 504 2282; x_wconf 90' lang='grc'><strong>7</strong></span> <span class='ocrx_word' id='word_1_181' title='bbox 525 2224 649 2301; x_wconf 83' lang='lat' dir='ltr'>Georgio</span> <span class='ocrx_word' id='word_1_182' title='bbox 666 2233 860 2296; x_wconf 75' lang='lat' dir='ltr'>memoratus,</span> <span class='ocrx_word' id='word_1_183' title='bbox 882 2234 911 2282; x_wconf 92' lang='lat' dir='ltr'><strong>et</strong></span> <span class='ocrx_word' id='word_1_184' title='bbox 926 2224 963 2282; x_wconf 87' lang='grc'><strong>717</strong></span> <span class='ocrx_word' id='word_1_185' title='bbox 977 2225 1102 2284; x_wconf 87' lang='lat' dir='ltr'>Eusebio</span> <span class='ocrx_word' id='word_1_186' title='bbox 1118 2224 1186 2284; x_wconf 80' lang='lat' dir='ltr'>Nini</span> <span class='ocrx_word' id='word_1_187' title='bbox 1197 2234 1227 2285; x_wconf 94' lang='grc'><strong>77</strong></span> <span class='ocrx_word' id='word_1_188' title='bbox 1242 2224 1334 2285; x_wconf 77' lang='lat' dir='ltr'>stn-</span> 
     </span>
     <span class='ocr_line' id='line_1_23' title="bbox 253 2305 1335 2387; baseline 0.002 -20"><span class='ocrx_word' id='word_1_189' title='bbox 253 2305 324 2367; x_wconf 84' lang='lat' dir='ltr'>hsm</span> <span class='ocrx_word' id='word_1_190' title='bbox 345 2308 476 2387; x_wconf 71' lang='lat' dir='ltr'>aequetis</span> <span class='ocrx_word' id='word_1_191' title='bbox 496 2309 623 2387; x_wconf 82' lang='lat' dir='ltr'>tempori</span> <span class='ocrx_word' id='word_1_192' title='bbox 646 2307 798 2366; x_wconf 77' lang='lat' dir='ltr'>addictus:</span> <span class='ocrx_word' id='word_1_193' title='bbox 826 2308 1014 2385; x_wconf 80' lang='lat' dir='ltr'>detectosque</span> <span class='ocrx_word' id='word_1_194' title='bbox 1033 2309 1122 2368; x_wconf 90' lang='lat' dir='ltr'>simul</span> <span class='ocrx_word' id='word_1_195' title='bbox 1143 2309 1273 2369; x_wconf 88' lang='grc'><strong>1177177717</strong></span> <span class='ocrx_word' id='word_1_196' title='bbox 1292 2318 1335 2369; x_wconf 84' lang='grc'><strong>777</strong></span> 
     </span>
     <span class='ocr_line' id='line_1_24' title="bbox 252 2391 1334 2471; baseline 0.001 -20"><span class='ocrx_word' id='word_1_197' title='bbox 252 2391 333 2451; x_wconf 87' lang='lat' dir='ltr'>idern</span> <span class='ocrx_word' id='word_1_198' title='bbox 349 2411 444 2450; x_wconf 88' lang='grc'><strong>7777777</strong></span> <span class='ocrx_word' id='word_1_199' title='bbox 464 2393 572 2452; x_wconf 87' lang='lat' dir='ltr'>mnndi</span> <span class='ocrx_word' id='word_1_200' title='bbox 594 2395 688 2459; x_wconf 73' lang='lat'><strong>3220</strong></span> <span class='ocrx_word' id='word_1_201' title='bbox 705 2391 759 2471; x_wconf 88' lang='lat' dir='ltr'><strong>qui</strong></span> <span class='ocrx_word' id='word_1_202' title='bbox 781 2391 861 2470; x_wconf 81' lang='lat' dir='ltr'>opud</span> <span class='ocrx_word' id='word_1_203' title='bbox 878 2391 1037 2467; x_wconf 71' lang='lat' dir='ltr'>Georgium</span> <span class='ocrx_word' id='word_1_204' title='bbox 1057 2392 1127 2449; x_wconf 80' lang='lat' dir='ltr'>Nini</span> <span class='ocrx_word' id='word_1_205' title='bbox 1148 2392 1334 2451; x_wconf 70' lang='grc'><strong>7717771777</strong></span> 
     </span>
     <span class='ocr_line' id='line_1_25' title="bbox 252 2475 1333 2555; baseline 0 -21"><span class='ocrx_word' id='word_1_206' title='bbox 252 2486 370 2555; x_wconf 85' lang='lat' dir='ltr'>tempus</span> <span class='ocrx_word' id='word_1_207' title='bbox 392 2475 554 2536; x_wconf 84' lang='grc'><strong>7777171777</strong></span> <span class='ocrx_word' id='word_1_208' title='bbox 577 2486 696 2536; x_wconf 88' lang='lat' dir='ltr'>centum</span> <span class='ocrx_word' id='word_1_209' title='bbox 717 2485 916 2535; x_wconf 72' lang='lat' dir='ltr'>antevortunt.</span> <span class='ocrx_word' id='word_1_210' title='bbox 956 2475 1003 2534; x_wconf 81' lang='lat' dir='ltr'>sd</span> <span class='ocrx_word' id='word_1_211' title='bbox 1021 2475 1155 2554; x_wconf 85' lang='lat' dir='ltr'>superius</span> <span class='ocrx_word' id='word_1_212' title='bbox 1176 2484 1333 2535; x_wconf 81' lang='grc'><strong>7777777717</strong></span> 
     </span>
     <span class='ocr_line' id='line_1_26' title="bbox 252 2558 1332 2665; baseline 0.005 -47"><span class='ocrx_word' id='word_1_213' title='bbox 252 2560 407 2665; x_wconf 70' lang='grc'><strong>7717177717</strong></span> <span class='ocrx_word' id='word_1_214' title='bbox 422 2559 551 2637; x_wconf 72' lang='lat' dir='ltr'>Scaliger</span> <span class='ocrx_word' id='word_1_215' title='bbox 565 2561 712 2620; x_wconf 84' lang='lat' dir='ltr'>Eusebio</span> <span class='ocrx_word' id='word_1_216' title='bbox 702 2570 917 2620; x_wconf 77' lang='lat' dir='ltr'>incrementmn</span> <span class='ocrx_word' id='word_1_217' title='bbox 934 2558 1267 2629; x_wconf 77' lang='grc'><strong>(17777771111777777</strong></span> <span class='ocrx_word' id='word_1_218' title='bbox 1255 2561 1332 2663; x_wconf 77' lang='grc' dir='ltr'><strong>βσ-</strong></span> 
     </span>
     <span class='ocr_line' id='line_1_27' title="bbox 252 2637 1333 2749; baseline 0 -43"><span class='ocrx_word' id='word_1_219' title='bbox 252 2644 356 2718; x_wconf 72' lang='lat' dir='ltr'>ustiure</span> <span class='ocrx_word' id='word_1_220' title='bbox 366 2638 531 2748; x_wconf 73' lang='grc' dir='ltr'><strong>Ἀσσυρίων</strong></span> <span class='ocrx_word' id='word_1_221' title='bbox 546 2637 602 2743; x_wconf 72' lang='lat' dir='ltr'><strong>uy&#39;.</strong></span> <span class='ocrx_word' id='word_1_222' title='bbox 624 2640 748 2749; x_wconf 75' lang='grc'><strong>71777777</strong></span> <span class='ocrx_word' id='word_1_223' title='bbox 765 2644 829 2718; x_wconf 71' lang='lat' dir='ltr'>deoc</span> <span class='ocrx_word' id='word_1_224' title='bbox 847 2648 902 2724; x_wconf 80' lang='grc' dir='ltr'><strong>τῆς</strong></span> <span class='ocrx_word' id='word_1_225' title='bbox 918 2644 1067 2724; x_wconf 74' lang='grc' dir='ltr'><strong><em>βασιλείας</em></strong></span> <span class='ocrx_word' id='word_1_226' title='bbox 1087 2647 1234 2744; x_wconf 75' lang='grc' dir='ltr'><strong>γεννᾶται.</strong></span> <span class='ocrx_word' id='word_1_227' title='bbox 1260 2639 1333 2706; x_wconf 78' lang='lat' dir='ltr'>sessi</span> 
     </span>
     <span class='ocr_line' id='line_1_28' title="bbox 253 2722 1332 2833; baseline -0.001 -43"><span class='ocrx_word' id='word_1_228' title='bbox 253 2725 287 2791; x_wconf 86' lang='lat' dir='ltr'><strong>di</strong></span> <span class='ocrx_word' id='word_1_229' title='bbox 308 2725 379 2833; x_wconf 71' lang='grc'><strong>77717</strong></span> <span class='ocrx_word' id='word_1_230' title='bbox 394 2722 511 2802; x_wconf 76' lang='grc'><strong>77177717</strong></span> <span class='ocrx_word' id='word_1_231' title='bbox 531 2722 1332 2825; x_wconf 70' lang='grc' dir='ltr'><strong>77777777777Ἀ17υ777177717777771777177δυναστεία,</strong></span> 
     </span>
    </p>
   </div>
   <div class='ocr_carea' id='block_1_3' title="bbox 252 2808 1335 2975">
    <p class='ocr_par' dir='ltr' id='par_1_3' title="bbox 252 2808 1335 2975">
     <span class='ocr_line' id='line_1_29' title="bbox 253 2808 1335 2893; baseline -0.001 -20"><span class='ocrx_word' id='word_1_232' title='bbox 253 2808 331 2874; x_wconf 73' lang='grc' dir='ltr'><strong>καθ’</strong></span> <span class='ocrx_word' id='word_1_233' title='bbox 350 2808 392 2892; x_wconf 72' lang='lat' dir='ltr'><strong>iis</strong></span> <span class='ocrx_word' id='word_1_234' title='bbox 412 2811 585 2893; x_wconf 75' lang='grc' dir='ltr'><strong><em>ίβασίλευου</em></strong></span> <span class='ocrx_word' id='word_1_235' title='bbox 607 2815 742 2892; x_wconf 80' lang='grc' dir='ltr'><strong>Θηβαῖοι.</strong></span> <span class='ocrx_word' id='word_1_236' title='bbox 787 2814 935 2892; x_wconf 81' lang='lat' dir='ltr'>Impurum</span> <span class='ocrx_word' id='word_1_237' title='bbox 953 2812 1191 2892; x_wconf 83' lang='grc'><strong>7717777771777</strong></span> <span class='ocrx_word' id='word_1_238' title='bbox 1210 2811 1335 2893; x_wconf 79' lang='lat' dir='ltr'>ideoque</span> 
     </span>
     <span class='ocr_line' id='line_1_30' title="bbox 252 2896 1334 2975; baseline -0.002 -20"><span class='ocrx_word' id='word_1_239' title='bbox 252 2896 355 2955; x_wconf 85' lang='lat' dir='ltr'>fictum</span> <span class='ocrx_word' id='word_1_240' title='bbox 382 2896 462 2956; x_wconf 84' lang='grc'><strong>177777</strong></span> <span class='ocrx_word' id='word_1_241' title='bbox 483 2897 613 2975; x_wconf 83' lang='grc'><strong>71777177</strong></span> <span class='ocrx_word' id='word_1_242' title='bbox 631 2918 691 2957; x_wconf 87' lang='lat' dir='ltr'><strong>non</strong></span> <span class='ocrx_word' id='word_1_243' title='bbox 714 2897 858 2959; x_wconf 88' lang='lat' dir='ltr'>discutio·</span> <span class='ocrx_word' id='word_1_244' title='bbox 885 2896 1055 2956; x_wconf 82' lang='grc'><strong>7777771777</strong></span> <span class='ocrx_word' id='word_1_245' title='bbox 1080 2896 1295 2957; x_wconf 69' lang='lat' dir='ltr'>animadvertet</span> <span class='ocrx_word' id='word_1_246' title='bbox 1316 2916 1334 2953; x_wconf 87' lang='grc'><strong>7</strong></span> 
     </span>
    </p>
   </div>
   <div class='ocr_carea' id='block_1_4' title="bbox 251 2979 1333 3399">
    <p class='ocr_par' dir='ltr' id='par_1_4' title="bbox 251 2979 1333 3399">
     <span class='ocr_line' id='line_1_31' title="bbox 252 2979 1331 3063; baseline -0.002 -22"><span class='ocrx_word' id='word_1_247' title='bbox 252 2981 437 3055; x_wconf 83' lang='grc'><strong>111777,7777</strong></span> <span class='ocrx_word' id='word_1_248' title='bbox 461 2982 599 3043; x_wconf 80' lang='grc'><strong>1177771777</strong></span> <span class='ocrx_word' id='word_1_249' title='bbox 621 2982 746 3063; x_wconf 74' lang='lat' dir='ltr'>Aegypti</span> <span class='ocrx_word' id='word_1_250' title='bbox 767 3001 833 3060; x_wconf 75' lang='lat' dir='ltr'>rege</span> <span class='ocrx_word' id='word_1_251' title='bbox 852 2983 950 3061; x_wconf 84' lang='lat' dir='ltr'>primo</span> <span class='ocrx_word' id='word_1_252' title='bbox 972 2981 1011 3039; x_wconf 85' lang='lat' dir='ltr'><strong>ed</strong></span> <span class='ocrx_word' id='word_1_253' title='bbox 1031 2979 1177 3040; x_wconf 76' lang='lat' dir='ltr'>Abrshem</span> <span class='ocrx_word' id='word_1_254' title='bbox 1203 2990 1331 3056; x_wconf 87' lang='grc'><strong>77777777,</strong></span> 
     </span>
     <span class='ocr_line' id='line_1_32' title="bbox 253 3064 1333 3147; baseline 0 -24"><span class='ocrx_word' id='word_1_255' title='bbox 253 3085 314 3146; x_wconf 84' lang='lat' dir='ltr'><strong>quo</strong></span> <span class='ocrx_word' id='word_1_256' title='bbox 329 3064 459 3125; x_wconf 81' lang='grc'><strong>1117777777</strong></span> <span class='ocrx_word' id='word_1_257' title='bbox 481 3087 535 3126; x_wconf 82' lang='lat' dir='ltr'><strong>rex</strong></span> <span class='ocrx_word' id='word_1_258' title='bbox 551 3068 714 3147; x_wconf 74' lang='lat' dir='ltr'>Aegyptius</span> <span class='ocrx_word' id='word_1_259' title='bbox 733 3067 919 3140; x_wconf 81' lang='grc'><strong>7117777777,</strong></span> <span class='ocrx_word' id='word_1_260' title='bbox 941 3086 1004 3125; x_wconf 86' lang='lat' dir='ltr'><strong>non</strong></span> <span class='ocrx_word' id='word_1_261' title='bbox 1019 3084 1101 3144; x_wconf 81' lang='lat' dir='ltr'>reges</span> <span class='ocrx_word' id='word_1_262' title='bbox 1121 3065 1209 3126; x_wconf 88' lang='lat' dir='ltr'>modo</span> <span class='ocrx_word' id='word_1_263' title='bbox 1228 3066 1333 3124; x_wconf 82' lang='lat' dir='ltr'>sexde-</span> 
     </span>
     <span class='ocr_line' id='line_1_33' title="bbox 254 3149 1332 3231; baseline 0 -23"><span class='ocrx_word' id='word_1_264' title='bbox 254 3151 323 3225; x_wconf 91' lang='lat' dir='ltr'>cim,</span> <span class='ocrx_word' id='word_1_265' title='bbox 344 3149 394 3208; x_wconf 88' lang='lat' dir='ltr'><strong>sed</strong></span> <span class='ocrx_word' id='word_1_266' title='bbox 412 3150 779 3228; x_wconf 79' lang='lat' dir='ltr'>itysrostiornmsexdecim</span> <span class='ocrx_word' id='word_1_267' title='bbox 796 3170 876 3229; x_wconf 76' lang='lat' dir='ltr'>reges</span> <span class='ocrx_word' id='word_1_268' title='bbox 891 3152 1058 3231; x_wconf 76' lang='lat' dir='ltr'>piusquam</span> <span class='ocrx_word' id='word_1_269' title='bbox 1072 3149 1216 3209; x_wconf 89' lang='lat' dir='ltr'>ducentos</span> <span class='ocrx_word' id='word_1_270' title='bbox 1232 3149 1332 3208; x_wconf 70' lang='grc'><strong>7171177-</strong></span> 
     </span>
     <span class='ocr_line' id='line_1_34' title="bbox 251 3233 1332 3317; baseline 0.002 -25"><span class='ocrx_word' id='word_1_271' title='bbox 251 3233 333 3294; x_wconf 86' lang='lat' dir='ltr'>sebio</span> <span class='ocrx_word' id='word_1_272' title='bbox 349 3242 379 3293; x_wconf 89' lang='grc'><strong>77</strong></span> <span class='ocrx_word' id='word_1_273' title='bbox 390 3234 528 3294; x_wconf 72' lang='lat' dir='ltr'>Africano</span> <span class='ocrx_word' id='word_1_274' title='bbox 541 3235 654 3295; x_wconf 89' lang='lat' dir='ltr'>medios</span> <span class='ocrx_word' id='word_1_275' title='bbox 666 3237 832 3314; x_wconf 73' lang='lat' dir='ltr'>numerosi,</span> <span class='ocrx_word' id='word_1_276' title='bbox 855 3244 885 3295; x_wconf 87' lang='lat' dir='ltr'><strong>et</strong></span> <span class='ocrx_word' id='word_1_277' title='bbox 899 3236 932 3295; x_wconf 88' lang='grc'><strong>17</strong></span> <span class='ocrx_word' id='word_1_278' title='bbox 943 3235 1040 3315; x_wconf 80' lang='lat' dir='ltr'>regnis</span> <span class='ocrx_word' id='word_1_279' title='bbox 1055 3234 1117 3294; x_wconf 88' lang='lat' dir='ltr'>suis</span> <span class='ocrx_word' id='word_1_280' title='bbox 1136 3253 1229 3294; x_wconf 73' lang='lat' dir='ltr'>runos</span> <span class='ocrx_word' id='word_1_281' title='bbox 1243 3253 1332 3317; x_wconf 82' lang='grc'><strong>777777</strong></span> 
     </span>
     <span class='ocr_line' id='line_1_35' title="bbox 252 3318 613 3399; baseline -0.006 -20"><span class='ocrx_word' id='word_1_282' title='bbox 252 3319 427 3398; x_wconf 79' lang='lat' dir='ltr'>quingentos</span> <span class='ocrx_word' id='word_1_283' title='bbox 441 3318 613 3399; x_wconf 76' lang='lat' dir='ltr'>explevisse</span> 
     </span>
    </p>
   </div>
   <div class='ocr_carea' id='block_1_5' title="bbox 1 3428 1430 3687">
    <p class='ocr_par' dir='ltr' id='par_1_5' title="bbox 1 3428 1430 3687">
     <span class='ocr_line' id='line_1_36' title="bbox 8 3428 1329 3521; baseline -0.007 -22"><span class='ocrx_word' id='word_1_284' title='bbox 8 3460 9 3467; x_wconf 54' lang='lat'>¹</span> <span class='ocrx_word' id='word_1_285' title='bbox 338 3440 388 3521; x_wconf 74' lang='grc' dir='ltr'><strong>Τῷ</strong></span> <span class='ocrx_word' id='word_1_286' title='bbox 403 3431 505 3521; x_wconf 80' lang='grc'><strong>77711.</strong></span> <span class='ocrx_word' id='word_1_287' title='bbox 521 3435 577 3500; x_wconf 81' lang='grc'><strong>1777</strong></span> <span class='ocrx_word' id='word_1_288' title='bbox 589 3459 644 3499; x_wconf 77' lang='grc' dir='ltr'><strong>του</strong></span> <span class='ocrx_word' id='word_1_289' title='bbox 630 3428 791 3516; x_wconf 78' lang='grc'><strong>7717777]</strong></span> <span class='ocrx_word' id='word_1_290' title='bbox 822 3436 953 3513; x_wconf 71' lang='lat' dir='ltr'>Scaliger</span> <span class='ocrx_word' id='word_1_291' title='bbox 974 3434 1093 3496; x_wconf 83' lang='lat' dir='ltr'>Eusebii</span> <span class='ocrx_word' id='word_1_292' title='bbox 1115 3446 1232 3498; x_wconf 83' lang='lat' dir='ltr'>textum</span> <span class='ocrx_word' id='word_1_293' title='bbox 1252 3454 1329 3494; x_wconf 88' lang='lat' dir='ltr'>con-</span> 
     </span>
     <span class='ocr_line' id='line_1_37' title="bbox 1 3498 1430 3600; baseline -0.003 -19"><span class='ocrx_word' id='word_1_294' title='bbox 1 3520 10 3597; x_wconf 70' lang='grc'><strong>1</strong></span> <span class='ocrx_word' id='word_1_295' title='bbox 150 3524 236 3586; x_wconf 65' lang='lat' dir='ltr'><strong>1³.ae</strong></span> <span class='ocrx_word' id='word_1_296' title='bbox 253 3498 429 3579; x_wconf 84' lang='grc'><strong>7177777777</strong></span> <span class='ocrx_word' id='word_1_297' title='bbox 445 3541 511 3600; x_wconf 73' lang='grc'><strong>777.</strong></span> <span class='ocrx_word' id='word_1_298' title='bbox 531 3526 580 3588; x_wconf 88' lang='lat'><strong>19.</strong></span> <span class='ocrx_word' id='word_1_299' title='bbox 597 3521 674 3581; x_wconf 83' lang='lat' dir='ltr'>lineo</span> <span class='ocrx_word' id='word_1_300' title='bbox 693 3522 741 3586; x_wconf 85' lang='grc'><strong>14.</strong></span> <span class='ocrx_word' id='word_1_301' title='bbox 761 3520 807 3578; x_wconf 88' lang='grc'><strong>1717</strong></span> <span class='ocrx_word' id='word_1_302' title='bbox 829 3521 936 3580; x_wconf 86' lang='lat' dir='ltr'>endem</span> <span class='ocrx_word' id='word_1_303' title='bbox 949 3520 1047 3580; x_wconf 83' lang='lat' dir='ltr'>verbm</span> <span class='ocrx_word' id='word_1_304' title='bbox 1061 3523 1174 3598; x_wconf 74' lang='lat' dir='ltr'>utitur</span> <span class='ocrx_word' id='word_1_305' title='bbox 1196 3533 1225 3581; x_wconf 92' lang='lat' dir='ltr'><strong>et</strong></span> <span class='ocrx_word' id='word_1_306' title='bbox 1237 3518 1329 3580; x_wconf 75' lang='lat' dir='ltr'><strong>ton</strong></span> <span class='ocrx_word' id='word_1_307' title='bbox 1429 3594 1430 3599; x_wconf 8' lang='grc' dir='ltr'>η</span> 
     </span>
     <span class='ocr_line' id='line_1_38' title="bbox 248 3603 1430 3687; baseline -0.008 -21"><span class='ocrx_word' id='word_1_308' title='bbox 248 3603 329 3666; x_wconf 86' lang='grc'><strong>177777</strong></span> <span class='ocrx_word' id='word_1_309' title='bbox 344 3623 433 3661; x_wconf 78' lang='lat' dir='ltr'>evum</span> <span class='ocrx_word' id='word_1_310' title='bbox 451 3626 529 3664; x_wconf 86' lang='grc'><strong>777777</strong></span> <span class='ocrx_word' id='word_1_311' title='bbox 546 3606 649 3665; x_wconf 87' lang='grc'><strong>7777717</strong></span> <span class='ocrx_word' id='word_1_312' title='bbox 671 3610 722 3671; x_wconf 89' lang='grc'><strong>76.</strong></span> <span class='ocrx_word' id='word_1_313' title='bbox 743 3604 846 3665; x_wconf 85' lang='lat' dir='ltr'>munds</span> <span class='ocrx_word' id='word_1_314' title='bbox 861 3608 955 3672; x_wconf 72' lang='lat'><strong>3239</strong></span> <span class='ocrx_word' id='word_1_315' title='bbox 975 3606 1121 3681; x_wconf 82' lang='lat' dir='ltr'>extitisse,</span> <span class='ocrx_word' id='word_1_316' title='bbox 1142 3607 1238 3687; x_wconf 87' lang='lat' dir='ltr'>ipsum</span> <span class='ocrx_word' id='word_1_317' title='bbox 1257 3620 1328 3659; x_wconf 79' lang='lat' dir='ltr'>sero</span> <span class='ocrx_word' id='word_1_318' title='bbox 1429 3616 1430 3627; x_wconf 61' lang='lat'>¹</span> 
     </span>
    </p>
   </div>
   <div class='ocr_carea' id='block_1_6' title="bbox 248 3686 1329 4006">
    <p class='ocr_par' dir='ltr' id='par_1_6' title="bbox 248 3686 1329 4006">
     <span class='ocr_line' id='line_1_39' title="bbox 249 3686 1328 3788; baseline -0.008 -36"><span class='ocrx_word' id='word_1_319' title='bbox 249 3686 399 3752; x_wconf 73' lang='lat' dir='ltr'>Abrabam</span> <span class='ocrx_word' id='word_1_320' title='bbox 418 3690 724 3757; x_wconf 80' lang='grc'><strong>777777777118784.</strong></span> <span class='ocrx_word' id='word_1_321' title='bbox 741 3698 842 3749; x_wconf 84' lang='lat' dir='ltr'>notum</span> <span class='ocrx_word' id='word_1_322' title='bbox 859 3690 1000 3750; x_wconf 84' lang='lat' dir='ltr'>describit</span> <span class='ocrx_word' id='word_1_323' title='bbox 1019 3711 1089 3788; x_wconf 80' lang='grc' dir='ltr'><strong>777,Ι</strong></span> <span class='ocrx_word' id='word_1_324' title='bbox 1105 3690 1235 3750; x_wconf 86' lang='lat' dir='ltr'>eiusdem</span> <span class='ocrx_word' id='word_1_325' title='bbox 1251 3686 1328 3745; x_wconf 74' lang='lat' dir='ltr'>lines</span> 
     </span>
     <span class='ocr_line' id='line_1_40' title="bbox 248 3770 1329 3854; baseline -0.006 -20"><span class='ocrx_word' id='word_1_326' title='bbox 248 3778 300 3844; x_wconf 73' lang='lat'><strong>25.</strong></span> <span class='ocrx_word' id='word_1_327' title='bbox 317 3784 408 3853; x_wconf 78' lang='lat' dir='ltr'>etque</span> <span class='ocrx_word' id='word_1_328' title='bbox 419 3771 461 3831; x_wconf 87' lang='grc'><strong>177</strong></span> <span class='ocrx_word' id='word_1_329' title='bbox 474 3792 566 3851; x_wconf 81' lang='lat' dir='ltr'>nepos</span> <span class='ocrx_word' id='word_1_330' title='bbox 580 3794 668 3834; x_wconf 87' lang='grc'><strong>777777</strong></span> <span class='ocrx_word' id='word_1_331' title='bbox 683 3776 740 3833; x_wconf 82' lang='lat' dir='ltr'><strong>ism</strong></span> <span class='ocrx_word' id='word_1_332' title='bbox 751 3785 872 3854; x_wconf 60' lang='lat' dir='ltr'>septus„</span> <span class='ocrx_word' id='word_1_333' title='bbox 857 3794 944 3834; x_wconf 82' lang='lat' dir='ltr'><strong>enm</strong></span> <span class='ocrx_word' id='word_1_334' title='bbox 944 3796 1004 3834; x_wconf 83' lang='lat' dir='ltr'>suns</span> <span class='ocrx_word' id='word_1_335' title='bbox 1020 3775 1105 3833; x_wconf 88' lang='grc'><strong>777717</strong></span> <span class='ocrx_word' id='word_1_336' title='bbox 1117 3770 1329 3850; x_wconf 83' lang='lat' dir='ltr'>centumqnin·</span> 
     </span>
     <span class='ocr_line' id='line_1_41' title="bbox 248 3856 1328 4006; baseline -0.004 -3"><span class='ocrx_word' id='word_1_337' title='bbox 248 3857 1115 4006; x_wconf 46' lang='grc' dir='ltr'><strong>ἓῖἶίῖἐίίῗῗέἑὲἓ1Σὲ’.1.’.711111111111711</strong></span> <span class='ocrx_word' id='word_1_338' title='bbox 1128 3856 1243 3937; x_wconf 69' lang='lat'><strong>⁶⁸⁰&#39;⁶&#39;¹</strong></span> <span class='ocrx_word' id='word_1_339' title='bbox 1257 3874 1328 3916; x_wconf 69' lang='lat'><strong>&#39;²⁸&#39;</strong></span> 
     </span>
    </p>
   </div>
   <div class='ocr_carea' id='block_1_7' title="bbox 248 4066 1328 4412">
    <p class='ocr_par' dir='ltr' id='par_1_7' title="bbox 248 4066 1328 4412">
     <span class='ocr_line' id='line_1_42' title="bbox 330 4066 1328 4158; baseline -0.007 -19"><span class='ocrx_word' id='word_1_340' title='bbox 330 4074 397 4139; x_wconf 72' lang='lat' dir='ltr'>&#39;Eri</span> <span class='ocrx_word' id='word_1_341' title='bbox 415 4075 467 4156; x_wconf 77' lang='grc'><strong>1777</strong></span> <span class='ocrx_word' id='word_1_342' title='bbox 487 4073 667 4158; x_wconf 78' lang='grc'><strong>1777717777</strong></span> <span class='ocrx_word' id='word_1_343' title='bbox 680 4066 778 4156; x_wconf 47' lang='lat' dir='ltr'>bitti]</span> <span class='ocrx_word' id='word_1_344' title='bbox 801 4077 840 4138; x_wconf 83' lang='grc' dir='ltr'><strong>Δ7</strong></span> <span class='ocrx_word' id='word_1_345' title='bbox 854 4097 915 4137; x_wconf 87' lang='lat' dir='ltr'><strong>non</strong></span> <span class='ocrx_word' id='word_1_346' title='bbox 929 4076 987 4135; x_wconf 91' lang='lat' dir='ltr'>nisi</span> <span class='ocrx_word' id='word_1_347' title='bbox 1000 4077 1087 4136; x_wconf 88' lang='grc'><strong>777717</strong></span> <span class='ocrx_word' id='word_1_348' title='bbox 1099 4081 1173 4145; x_wconf 76' lang='lat'><strong>962</strong></span> <span class='ocrx_word' id='word_1_349' title='bbox 1189 4075 1235 4136; x_wconf 82' lang='grc'><strong>771</strong></span> <span class='ocrx_word' id='word_1_350' title='bbox 1249 4072 1328 4134; x_wconf 75' lang='lat' dir='ltr'>iutu-</span> 
     </span>
     <span class='ocr_line' id='line_1_43' title="bbox 248 4159 1328 4243; baseline 0.005 -20"><span class='ocrx_word' id='word_1_351' title='bbox 248 4160 347 4223; x_wconf 76' lang='lat' dir='ltr'>vrriss</span> <span class='ocrx_word' id='word_1_352' title='bbox 360 4159 483 4221; x_wconf 77' lang='lat' dir='ltr'>ronnei</span> <span class='ocrx_word' id='word_1_353' title='bbox 499 4162 643 4221; x_wconf 75' lang='lat' dir='ltr'>lectiones</span> <span class='ocrx_word' id='word_1_354' title='bbox 659 4163 731 4226; x_wconf 82' lang='lat'><strong>959·</strong></span> <span class='ocrx_word' id='word_1_355' title='bbox 748 4163 821 4227; x_wconf 78' lang='grc'><strong>945.</strong></span> <span class='ocrx_word' id='word_1_356' title='bbox 834 4165 905 4228; x_wconf 74' lang='grc'><strong>947.</strong></span> <span class='ocrx_word' id='word_1_357' title='bbox 919 4170 974 4220; x_wconf 80' lang='lat' dir='ltr'>etc.</span> <span class='ocrx_word' id='word_1_358' title='bbox 996 4161 1138 4222; x_wconf 75' lang='lat' dir='ltr'>Eusebius</span> <span class='ocrx_word' id='word_1_359' title='bbox 1149 4164 1211 4243; x_wconf 81' lang='lat' dir='ltr'>ipse</span> <span class='ocrx_word' id='word_1_360' title='bbox 1223 4160 1328 4237; x_wconf 74' lang='grc'><strong>81777·</strong></span> 
     </span>
     <span class='ocr_line' id='line_1_44' title="bbox 249 4242 1327 4327; baseline -0.003 -22"><span class='ocrx_word' id='word_1_361' title='bbox 249 4247 367 4307; x_wconf 85' lang='lat' dir='ltr'>niorum</span> <span class='ocrx_word' id='word_1_362' title='bbox 381 4266 504 4327; x_wconf 77' lang='lat' dir='ltr'>reguum</span> <span class='ocrx_word' id='word_1_363' title='bbox 520 4246 635 4306; x_wconf 87' lang='lat' dir='ltr'>stetisse</span> <span class='ocrx_word' id='word_1_364' title='bbox 643 4245 803 4305; x_wconf 82' lang='grc'><strong>7111777717</strong></span> <span class='ocrx_word' id='word_1_365' title='bbox 817 4247 856 4305; x_wconf 83' lang='lat' dir='ltr'>sd</span> <span class='ocrx_word' id='word_1_366' title='bbox 864 4242 1089 4315; x_wconf 72' lang='grc'><strong>7771777880.</strong></span> <span class='ocrx_word' id='word_1_367' title='bbox 1101 4255 1132 4308; x_wconf 85' lang='grc'><strong>77</strong></span> <span class='ocrx_word' id='word_1_368' title='bbox 1144 4251 1213 4315; x_wconf 84' lang='grc'><strong>890.</strong></span> <span class='ocrx_word' id='word_1_369' title='bbox 1231 4245 1327 4317; x_wconf 77' lang='lat' dir='ltr'><strong>Qu·-</strong></span> 
     </span>
     <span class='ocr_line' id='line_1_45' title="bbox 249 4329 959 4412; baseline 0 -20"><span class='ocrx_word' id='word_1_370' title='bbox 249 4332 353 4393; x_wconf 80' lang='lat' dir='ltr'>vsrius</span> <span class='ocrx_word' id='word_1_371' title='bbox 366 4332 473 4394; x_wconf 81' lang='lat' dir='ltr'>Grseci</span> <span class='ocrx_word' id='word_1_372' title='bbox 484 4331 520 4391; x_wconf 86' lang='lat' dir='ltr'>sb</span> <span class='ocrx_word' id='word_1_373' title='bbox 534 4330 661 4393; x_wconf 85' lang='lat' dir='ltr'>Eusebio</span> <span class='ocrx_word' id='word_1_374' title='bbox 673 4329 777 4390; x_wconf 83' lang='lat' dir='ltr'>Letino</span> <span class='ocrx_word' id='word_1_375' title='bbox 790 4332 959 4412; x_wconf 81' lang='lat' dir='ltr'>computus.</span> 
     </span>
    </p>
   </div>
   <div class='ocr_carea' id='block_1_8' title="bbox 0 0 1436 5004">
    <p class='ocr_par' dir='ltr' id='par_1_8' title="bbox 0 0 1436 5004">
     <span class='ocr_line' id='line_1_46' title="bbox 0 0 1436 5004; baseline 0 4"><span class='ocrx_word' id='word_1_376' title='bbox 0 0 1436 5004; x_wconf 95' lang='lat' dir='ltr'><strong> </strong></span> 
     </span>
    </p>
   </div>
  </div>
 </body>
</html>
