2864 5004
414 393 846 487 crunnornrrones.
1098 385 1171 462 tot

179 547 310 633 Είαοσανί
326 550 484 614 δυναστεία
500 549 646 630 βασιλέων
656 553 863 635 Διοσποίαῐαῖν
876 545 938 631 iffi]
966 551 1173 632 Repraesentat

106 633 169 696 baec
184 638 313 715 Scaliger
327 636 468 715 Excerpt.
483 655 549 714 pag.
561 638 632 703 057.
649 646 750 695 etune
766 655 867 716 regum
879 636 1003 696 istorum
1019 637 1173 699 duodecim

107 719 238 801 depravat
250 720 407 781 bomadem
424 720 554 779 scribens
571 720 603 781 οί
617 719 809 800 ἐβασίλευσαν
822 720 872 802 tn,
886 717 953 802 (ναί.
988 721 1111 803 Insuper
1122 723 1174 784 ad-

105 803 153 865 δίί.
172 804 250 886 iperi
264 811 326 869 seio
337 801 372 869 κ’.
387 807 568 869 δυναστειῶν
582 803 630 885 leq
644 802 722 890 ,4er
737 824 809 884 quas
824 814 859 865 ut
870 806 1012 885 pleraque
1023 806 1060 866 ab
1072 807 1174 869 eodem

104 887 297 970 iuliynastias
312 891 381 950 istas
399 890 513 950 intrusa
528 908 590 949 uon
606 890 754 949 extentio
769 890 830 949 MS.

178 974 328 1038 Βασιλέων
345 978 477 1037 Τανιταῑν
494 970 541 1054 ᾔ]
563 973 673 1052 Regum
688 975 835 1035 duntaxat
848 982 960 1054 septem
972 973 1063 1036 series
1075 970 1126 1052 νῖ.
1140 975 1174 1036 in

104 1050 133 1132 ί.
151 1067 229 1119 recte
243 1069 387 1120 mutatum
400 1067 619 1120 commonstrat.

182 1143 354 1224 Ψουσίννης
369 1143 419 1221 laq
435 1137 503 1223 μς’.]
526 1143 655 1221 Scaliger
674 1144 816 1223 Excerpt.
838 1141 936 1223 pagio.
951 1141 1024 1208 057.
1047 1140 1097 1222 ἔνη
1111 1136 1173 1224 μβ.

104 1244 171 1303 quse
182 1228 258 1286 rstio
273 1237 332 1301 est,
353 1237 389 1287 ut
403 1228 485 1287 iuxta
497 1227 653 1307 proprium
668 1237 840 1309 computum
861 1246 899 1285 ex
915 1226 1070 1305 Dynmtiae
1087 1247 1171 1307 prss·
1186 1231 1219 1288 V.
1231 1233 1267 1293 25

103 1313 183 1369 uotis
195 1309 370 1372 bomodibus
382 1332 475 1370 onnos
488 1312 634 1370 duntaxat
650 1317 720 1377 110.
736 1312 866 1391 colliget.

177 1395 347 1476 Σουαίννης
370 1394 418 1474 inp
437 1390 495 1474 ια’.]
518 1395 634 1454 lubens
658 1395 731 1455 aiios
757 1401 804 1460 16.
830 1413 1007 1474 apponerem
1026 1413 1119 1454 annos
1143 1404 1174 1456 et

102 1476 232 1538 Serennia
250 1478 337 1539 istius
357 1480 475 1550 ultimi,
495 1479 544 1537 cui
562 1477 704 1538 Eusebius
720 1481 771 1543 35.
790 1478 974 1556 impertitur,
996 1478 1173 1539 conficerem

102 1560 229 1640 triginta:
251 1572 287 1624 ut
306 1563 425 1623 cotlecti
447 1563 577 1622 omnium
598 1562 713 1622 numeri
730 1565 801 1628 160.
815 1580 959 1622 summum
972 1580 1034 1621 ααα
1048 1583 1174 1645 compo·

101 1663 165 1704 nare
177 1646 351 1723 legerentur.

175 1729 240 1806 Ptg·
261 1733 312 1796 tt.
332 1725 500 1810 optimati
522 1726 640 1812 είνοστῆ
653 1729 811 1793 δυναστεία
821 1728 967 1809 βασιλίαν
982 1732 1114 1791 Τανιααῑν
1127 1723 1173 1810 K]

102 1810 209 1873 'litatus
227 1812 277 1872 bic
294 1837 311 1873 s
331 1816 478 1893 Scaligero
498 1816 640 1895 Excerpt.
661 1834 728 1894 pag.
753 1820 802 1880 16.
826 1812 1050 1893 praetermissus
1070 1813 1175 1892 Dyna-

102 1896 177 1955 stiam
195 1903 243 1963 10.
262 1908 292 1956 et
311 1904 361 1964 21.
384 1899 555 1959 discrimine
573 1899 688 1958 subiato
708 1898 876 1958 contundit.
923 1896 1041 1977 Ecquid
1056 1896 1175 1957 Eusebii

101 1980 189 2040 versio
199 1981 304 2041 Latina
320 2003 388 2042 cum
405 1983 516 2042 Graeco
529 1993 616 2043 textu
631 1983 756 2062 Aegypti
765 1981 970 2062 Dynastierum
985 1982 1175 2042 concordiam

102 2072 190 2124 teneat
210 2067 361 2127 studiosus
382 2068 488 2127 Lector
510 2069 535 2127 si
555 2067 806 2147 interponerem,
827 2086 901 2145 quoe
927 2065 1009 2126 hunc
1031 2085 1099 2125 cum
1119 2066 1173 2125 itta

103 2150 256 2210 conterenti
277 2159 351 2210 sunt
372 2151 541 2222 observata,
561 2172 623 2211 non
637 2151 766 2211 illubens
781 2149 913 2214 subiicio.
952 2150 986 2209 ln
1003 2149 1107 2210 Latina
1122 2150 1174 2210 in·

101 2235 301 2313 terpretstione
323 2236 480 2315 Dynastias
499 2236 669 2316 quindecim
688 2236 802 2316 priores
818 2235 987 2295 desiderari.
1036 2237 1124 2295 Sexto
1142 2243 1174 2297 et

101 2317 203 2378 decima
216 2339 296 2379 anuo
309 2320 442 2381 Abrabae
457 2320 553 2401 primo
570 2320 742 2393 exorditur,
762 2329 801 2396 et,
820 2329 911 2400 prout
923 2316 975 2378 bic
988 2339 1054 2399 pag.
1069 2324 1120 2387 61.
1137 2319 1173 2379 D.

103 2407 279 2471 sanos190.
302 2403 428 2482 viguisse
445 2404 595 2466 scribitur.
643 2405 774 2485 Septima
797 2425 886 2485 supra
906 2404 1050 2464 decimum
1069 2423 1172 2482 regum

101 2488 260 2547 nominibus
276 2497 305 2547 ct
318 2490 460 2549 aetatibus
474 2488 562 2564 orba,
581 2488 619 2549 αδ
641 2494 710 2555 100.
732 2498 762 2549 et
781 2498 841 2548 tres
862 2509 970 2564 annos,
992 2488 1043 2548 bic
1061 2487 1099 2547 αδ
1118 2508 1171 2549 sex
1188 2494 1220 2549 P.
1236 2498 1271 2553 27

102 2578 128 2628 ot
141 2577 206 2638 100.
223 2592 324 2649 regum
338 2574 521 2653 singulorum
535 2573 656 2652 signatis
673 2573 869 2655 temporibus,
891 2574 1038 2653 producta
1052 2572 1174 2632 demon.

99 2662 211 2717 stratur.
247 2658 362 2716 Octava
374 2668 403 2718 et
421 2657 551 2733 decimu,
573 2677 648 2737 quae
662 2677 729 2716 cum
741 2656 808 2734 hic,
829 2668 892 2718 tum
908 2657 986 2737 apud
999 2656 1175 2737 Hieronymi

97 2739 254 2800 versionem
276 2743 360 2802 annis
377 2743 448 2809 848.
471 2743 663 2817 terminitur,
684 2741 808 2821 reliquis
830 2741 948 2820 regibus
969 2751 1102 2820 tempore
1121 2742 1173 2799 in·

95 2829 141 2882 ter
152 2844 182 2883 se
192 2825 313 2906 paribus
326 2824 462 2886 Atborim
477 2827 575 2887 solum
591 2825 711 2887 exhibet
721 2825 772 2884 bic
786 2824 870 2884 ennis
886 2822 1006 2902 triginta
1022 2823 1098 2883 aiios
1112 2844 1174 2883 uo·

94 2924 157 2965 vem
172 2909 203 2967 in
220 2910 338 2968 Eusebii
354 2909 502 2969 Chronico
521 2929 673 2969 concessos
689 2911 895 2968 excedentemr
917 2927 954 2967 ex
968 2928 1026 2987 quo
1042 2907 1173 2968 tricens-

93 2990 168 3050 rium
189 2992 273 3053 illum
295 2993 379 3053 vetut
398 2993 583 3073 superfluum
603 2993 725 3052 omnino
745 2992 973 3074 expungendum
994 2993 1095 3052 nullus
1110 3012 1174 3052 nou

93 3074 188 3136 ridet:
208 3097 297 3157 quare
311 3078 348 3137 αδ
362 3071 421 3140 te‘.
437 3078 565 3157 Scaliger
585 3097 740 3138 excessum
763 3088 929 3138 resecturus
943 3076 1079 3156 apposuit
1091 3078 1173 3137 solos

93 3153 132 3219 θ’.
149 3180 208 3237 quo
225 3162 363 3241 partiales
382 3181 512 3221 summae
524 3163 610 3222 totali
626 3172 806 3241 congruant,
828 3170 856 3219 et
873 3160 967 3240 priori
981 3159 1102 3235 reiecto,
1119 3181 1170 3220 se·

93 3244 219 3302 cundum
233 3264 390 3304 numerum
404 3245 547 3305 iudicaret
559 3247 746 3325 probandum
759 3254 861 3304 textus
873 3242 1029 3303 Eusebioni
1044 3251 1169 3324 pog.16.

92 3324 196 3407 dequo
211 3327 269 3387 iam
286 3348 376 3409 supra
393 3338 460 3389 ente
478 3338 564 3389 notas
575 3335 605 3395 7.
631 3331 721 3388 Sexta
734 3349 823 3409 supra
838 3328 1007 3388 vicesimam
1029 3329 1172 3408 {ty-nestit

91 3429 149 3471 non
164 3412 277 3472 Graece
290 3411 364 3472 baec
377 3413 486 3492 modo,
506 3414 558 3474 sed
571 3422 601 3473 et
618 3414 792 3493 Hieronymi
807 3412 922 3472 Latine>
932 3413 970 3471 sd
991 3432 1084 3471 annos
1099 3416 1170 3479 168.

91 3496 247 3575 utrobique
265 3496 472 3577 protenditur,
492 3497 612 3576 Regium
633 3498 703 3558 licet
724 3498 784 3557 MS.
802 3498 886 3557 onnia
902 3498 1032 3575 quinquo
1049 3497 1172 3557 totuleus

90 3598 231 3640 ammam
242 3581 408 3642 breviorem
423 3591 578 3642 attestetur
590 3576 660 3664 pty'.
682 3581 749 3643 uice
761 3577 835 3665 ρξνί.
849 3581 1000 3641 scribensa
1022 3601 1097 3660 quaa
1117 3602 1172 3641 ra-

90 3663 131 3723 tio
151 3666 227 3739 suit,
247 3674 281 3725 ut
296 3665 334 3724 αδ
351 3666 429 3726 latus
443 3661 512 3749 pssy‘.
529 3668 607 3725 sicut
619 3666 769 3746 Scaligero
784 3661 854 3748 ρξνί.
871 3667 1000 3726 scribere
1014 3666 1102 3724 licuit
1114 3685 1173 3745 ps-

89 3749 147 3827 gin.
160 3758 263 3808 textus
278 3750 382 3812 Euseb.
402 3757 451 3817 17.
467 3751 507 3811 ita
526 3753 595 3819 168.
610 3750 640 3811 in
654 3752 789 3811 versione
806 3751 910 3810 Latina
928 3749 1082 3829 legendum
1097 3770 1174 3829 pro·

88 3851 199 3912 ponera
215 3854 231 3891 α
250 3854 298 3894 me
318 3845 542 3916 praesumptum
564 3844 617 3895 est.
665 3835 776 3896 Privati
798 3856 888 3916 porro
907 3832 1065 3915 Dynsstiae
1081 3831 1173 3895 buius

87 3915 204 3976 numeri
229 3915 307 3977 inter
326 3939 357 3978 se
378 3919 511 3999 dispares
533 3940 636 4000 parem
655 3940 746 3993 unam
773 3939 918 3980 summum
948 3899 1093 3979 oti'erunt:
1120 3917 1172 3979 ubi

87 4019 214 4079 namque
228 4001 456 4065 Psammiticbus
470 4024 524 4065 rex
538 4006 567 4070 6.
582 4024 676 4064 annos
690 4007 740 4071 46.
754 4002 954 4066 Psammutbis
964 4010 996 4070 7.
1012 4022 1105 4062 annos
1120 4007 1172 4068 17.

86 4083 220 4166 Vsphrm
240 4090 272 4152 8.
292 4106 385 4147 annos
400 4089 452 4155 26.
469 4087 584 4148 Amoris
603 4095 634 4156 9.
656 4108 749 4149 annos
764 4092 814 4156 42.
833 4089 866 4147 in
883 4090 997 4148 Graeco
1011 4085 1174 4165 exemplari

86 4170 240 4244 obtinent,
262 4171 374 4250 primus
393 4171 426 4231 in
447 4173 551 4233 Latino
571 4173 745 4253 Hieronymi
761 4172 1006 4252 interpretatione
1026 4172 1077 4239 44.
1097 4170 1173 4229 aiter

86 4260 133 4322 12
148 4254 261 4314 tertius
276 4258 327 4321 ³0.
352 4255 474 4318 ultimus
494 4259 544 4323 43.
566 4259 700 4319 referunt
717 4268 747 4318 et
760 4257 920 4338 utrobique
935 4273 1082 4317 annorum
1101 4258 1175 4328 129.

85 4346 273 4422 componunt
292 4359 454 4418 sommam,
481 4360 558 4424 quae
581 4341 703 4422 reliquis
726 4342 868 4405 adiuncta
888 4345 958 4410 168.
981 4346 1172 4403 memoratum

149 4439 254 4510 cmg.
269 4435 408 4508 wne
426 4438 464 4494 u
925 4429 968 4493 26
