2946 4996
256 435 307 508 20
637 439 679 506 G.
700 439 742 506 G.
762 438 965 507 BREDOVll

346 597 446 676 Neque
459 596 491 658 in
512 617 547 658 eo
563 594 692 676 quievit,
713 603 748 654 ut
769 615 808 656 ex
826 614 886 655 uno
910 594 1013 654 codice
1030 614 1135 675 gmoco
1156 591 1344 674 septuaginta

262 685 458 762 interpretum
479 702 618 741 numeror
634 676 799 758 collegerit:
816 681 923 758 plum
945 677 1061 738 codiee-r
1077 683 1202 738 interae
1222 698 1343 756 corripia-

263 770 343 826 rouit
365 788 429 847 pag.
450 771 501 833 83.
515 771 585 840 89.,
615 784 793 843 quamquam
814 764 899 822 nobie
915 764 1013 823 ubivis
1030 784 1116 823 verae
1132 762 1272 821 lectionar
1290 781 1343 820 re-

261 861 372 931 quutna
385 871 446 911 eoae
461 872 520 909 non
534 851 663 910 videtur.
701 848 838 928 inprimis
852 849 953 908 laudat
969 847 1115 922 codicem,
1136 845 1343 905 cCaeaariemi

260 935 462 1016 Cappadociae
479 933 660 994 Bibliotheca
682 933 738 991 eibi
752 935 898 1008 delatum,
920 927 1126 1013 ἤκριβωμένον
1141 925 1216 994 κατά
1235 951 1265 992 τε
1280 948 1344 992 ora·

258 1018 340 1104 γμὴν
356 1020 407 1083 aui
427 1020 615 1100 προσωόίαν,
644 1016 896 1077 accuratissimum
914 1017 996 1096 quod
1014 1018 1052 1077 ad
1072 1015 1343 1093 interpunctionem

258 1116 289 1163 et
303 1114 441 1164 accentui
460 1103 604 1185 pertinet,
626 1111 655 1161 et
670 1102 882 1180 descriptnnae
903 1100 1024 1177 codiee,
1046 1120 1133 1179 quern
1147 1100 1306 1173 Basilius,
1327 1095 1345 1161 6

258 1187 349 1269 μέγας
380 1188 431 1249 ani
459 1195 559 1263 θεῖος,
588 1186 725 1267 pluribur
746 1185 828 1244 libris
850 1186 927 1244 inter
950 1206 980 1245 re
1004 1184 1136 1259 collatio,
1166 1192 1344 1255 correxerat,

257 1293 323 1352 pap.
339 1276 410 1339 203.
423 1272 456 1332 B.
497 1273 543 1333 Ex
557 1270 616 1330 hoc
632 1271 736 1330 codice
750 1269 787 1328 ad
811 1269 851 1328 tv
865 1270 974 1329 librum
992 1270 1344 1349 Regumcap.15v.27

257 1357 412 1416 lectionem
426 1355 510 1429 citat,
533 1376 623 1435 quam
637 1357 667 1413 in
679 1355 787 1415 troatrie
799 1353 883 1414 libris
895 1355 980 1414 editis
992 1353 1098 1413 nullibi
1110 1351 1242 1433 reperio:
1264 1350 1346 1409 l‘ha·

256 1461 343 1514 ceen,
363 1439 607 1519 regenatorum,
628 1458 688 1499 non
701 1458 795 1498 arrnor
813 1441 940 1519 uiginti,
966 1439 1019 1499 eod
1036 1450 1101 1496 octo
1117 1449 1142 1494 et
1165 1438 1280 1516 uiginti
1293 1454 1345 1494 re-

257 1544 369 1602 gnasse,
386 1544 471 1602 quarn
486 1524 642 1583 lectionem
656 1523 952 1602 Georgiueaoquitur.
981 1522 1080 1601 Neque
1093 1541 1249 1581 numerum
1264 1530 1346 1577 octo·
1459 1584 1466 1603 .

258 1607 371 1681 decim,
394 1629 481 1686 quem
496 1609 529 1669 h.
547 1609 566 1667 l.
582 1609 724 1685 Georgius
740 1609 773 1667 in
788 1608 853 1667 aliia
872 1607 1089 1688 exemplaribus
1102 1606 1245 1684 reperiare
1261 1603 1345 1677 dicit,

257 1693 290 1750 in
306 1692 414 1752 noetiia
434 1692 613 1751 editionibun
628 1692 734 1773 reperi.
777 1693 906 1766 Μικίψα
925 1712 997 1751 vero
1014 1692 1181 1752 differentia
1203 1689 1345 1747 codicum

258 1786 303 1835 eat
316 1777 347 1835 in
362 1796 456 1852 anno,
479 1798 538 1856 quo
552 1776 716 1838 Mathusalae
732 1772 784 1838 τὸν
797 1775 922 1837 lamech
937 1778 1082 1854 genuerit.
1125 1774 1269 1849 Georgius
1284 1794 1344 1852 po·

257 1860 305 1919 uit
331 1881 442 1920 annum
466 1862 658 1921 centecimum
681 1864 900 1937 aexageaimum
922 1861 1079 1939 septimum
1100 1857 1301 1931 hlothuralae3
1327 1875 1344 1914 e

259 1945 436 2022 quihuadarn
455 1966 525 2005 vero
550 1947 626 2005 raris
647 1947 866 2026 exemplar-ihu·
886 1940 929 2027 (p.
944 1947 995 2009 83.
1011 1944 1058 2023 C.)
1078 1946 1168 2003 refert
1185 1942 1344 2001 Africanae

256 2028 445 2087 nativitatem
466 2032 522 2090 rori
536 2029 662 2088 Lamech
678 2030 716 2087 ad
729 2050 839 2088 annum
862 2029 1052 2087 centesimum
1068 2029 1280 2106 octogesimam
1295 2044 1344 2084 re-

256 2112 385 2191 ptimum
404 2110 600 2171 Mathusalae:
622 2114 666 2172 uti
688 2114 718 2171 in
733 2114 842 2171 nostrie
859 2112 942 2171 librie
961 2112 1080 2192 optimis
1102 2133 1162 2170 non
1178 2111 1275 2169 nolum
1293 2127 1344 2167 ae-

256 2196 410 2274 ptueginta
425 2196 635 2276 interpretum,
662 2217 763 2255 verum
780 2197 866 2259 etiarn
882 2196 914 2255 in
931 2196 996 2276 ipao
1011 2206 1097 2255 textu
1110 2196 1255 2256 Hebraico
1271 2194 1345 2270 (Ge-

256 2299 317 2338 nea.
335 2279 368 2339 V.
391 2277 453 2355 95.)
477 2280 591 2356 tegitur.
605 2311 647 2325 -
661 2278 721 2358 Ego
737 2282 856 2358 quidem
872 2281 1012 2340 Al'ricano
1026 2281 1186 2354 amartion
1208 2287 1237 2336 et
1250 2281 1345 2336 Geor·

255 2364 323 2439 piae
344 2364 456 2437 nodos,
485 2365 592 2441 quibua
620 2382 652 2422 re
682 2370 824 2442 auumque
846 2363 1073 2440 chronologiam
1100 2361 1343 2441 circumstringit,

255 2467 317 2505 non
340 2447 395 2505 nisi
416 2447 513 2526 gladio
534 2447 721 2529 proscindit,
744 2458 773 2505 ct
795 2467 867 2506 mox
890 2447 995 2506 dubius
1018 2447 1167 2507 lraeaitana
1187 2456 1291 2505 contra
1313 2463 1343 2504 ee

254 2530 319 2610 ipae
339 2541 460 2610 pugnat.
481 2564 523 2578 -
544 2533 618 2591 Nam
634 2532 659 2590 ei
676 2532 860 2591 nativitatem
875 2536 931 2593 rori
952 2531 1077 2591 Lamech
1094 2533 1131 2591 ad
1156 2551 1264 2590 annum
1278 2530 1343 2588 tta-

254 2614 390 2675 tltuaalae
404 2618 567 2694 luiponis,
583 2616 601 2677 i.
612 2635 636 2676 e.
651 2635 667 2674 e
683 2617 814 2674 nurnerie
832 2615 1015 2694 septuaginta
1024 2617 1229 2697 interpretum,
1243 2614 1281 2673 ad
1290 2636 1344 2673 an·

254 2719 325 2758 num
334 2700 437 2759 mundi
454 2702 544 2772 1454,
559 2719 674 2758 trecenae
686 2709 740 2772 eet,
753 2710 787 2758 ut
801 2699 948 2759 diluvium
960 2701 997 2759 ael
1010 2703 1341 2772 annum22421el'eraa‚

253 2784 300 2843 uti
316 2785 458 2862 Georgius
473 2784 670 2863 Eueehiuequc
684 2785 828 2846 iecerunt.
871 2783 998 2842 lamech
1012 2785 1089 2843 enim
1109 2790 1168 2850 188
1183 2805 1277 2843 annor
1291 2805 1342 2842 na·

253 2877 303 2926 tna
315 2868 416 2945 genuit
431 2871 530 2943 hein,
552 2870 574 2929 i.
589 2889 614 2927 c.
631 2889 709 2928 anno
724 2868 827 2927 muirdi
845 2864 942 2952 (1454
955 2863 989 2936 †
1004 2874 1064 2935 188
1076 2868 1130 2948 =)
1149 2871 1242 2941 16425
1265 2878 1296 2927 et
1309 2867 1340 2927 in

252 2950 331 3010 No'e'a
361 2973 439 3011 annu
462 2953 672 3013 sexcentesimo
696 2952 844 3012 diluvium
869 2953 995 3031 incepit:
1026 2973 1095 3034 ergo
1122 2952 1155 3015 Δ.
1183 2954 1225 3013 Μ.
1248 2953 1341 3019 2242

251 3034 417 3095 hlathuaala
442 3046 540 3096 autern
563 3038 725 3096 secundum
744 3036 906 3097 llehraicoa
928 3038 1019 3097 libror
1042 3059 1078 3097 ec
1102 3040 1230 3098 Graecos
1251 3045 1341 3116 atquo

251 3119 373 3179 latinae
395 3139 538 3181 summam
556 3123 635 3181 inter·
647 3122 787 3181 mortales
801 3132 981 3181 senectutem
1000 3130 1189 3200 aerequutm,
1212 3131 1240 3180 et
1259 3141 1339 3180 anno

250 3205 330 3264 vitae
356 3211 418 3272 969
436 3215 571 3264 mortuae
591 3217 645 3268 eat.
687 3207 740 3266 tta
760 3207 845 3266 annia
864 3211 926 3272 969
950 3207 987 3266 ael
1002 3226 1112 3265 annum
1127 3206 1230 3264 mundi
1246 3209 1338 3279 1287,

251 3308 311 3367 quo
320 3288 482 3348 hlethuaala
492 3291 627 3349 omnibue
638 3290 720 3349 libris
732 3292 845 3367 praecia
855 3291 1107 3350 consentientibus
1122 3300 1208 3348 iratur
1218 3299 1272 3361 est,
1285 3288 1339 3346 ad·

250 3372 332 3447 ditia,
341 3374 492 3453 colligitur
503 3395 598 3433 annue
606 3376 711 3434 mundi
720 3377 817 3442 2256:
833 3395 1029 3453 ergoneccaae
1038 3378 1123 3448 l'oret,
1133 3372 1338 3432 uthlathuaale

249 3467 320 3535 poet
332 3457 479 3516 diluvium
495 3458 627 3518 uixieaet.
670 3461 758 3533 Quod
772 3480 842 3520 vero
858 3478 948 3538 quum
960 3459 1040 3520 omni
1055 3460 1230 3519 auctoritato
1246 3466 1336 3533 caret,

249 3541 384 3620 accipere
403 3563 463 3600 non
484 3542 562 3600 licet.
583 3573 625 3589 -·
645 3543 742 3602 Locue
762 3545 880 3621 Georgii
902 3563 968 3622 pag.
990 3548 1040 3609 20.
1064 3544 1096 3605 C.
1116 3544 1184 3601 l).e
1208 3540 1336 3601 librariis

249 3635 411 3704 corruptus
424 3637 484 3685 eat:
506 3637 634 3685 ettamen
649 3629 745 3704 etiam,
761 3649 838 3707 quae
851 3628 1013 3686 clariorime
1025 3627 1142 3704 Georgii
1154 3624 1242 3683 verba
1254 3635 1336 3703 aaut,

247 3708 328 3767 inter
343 3727 373 3767 ee
392 3729 452 3766 non
472 3710 659 3769 concilianda
675 3733 737 3770 eoae
754 3714 905 3772 videntur.
948 3711 1016 3770 Sine
1037 3713 1118 3769 omni
1135 3708 1225 3768 dubio
1243 3710 1336 3770 verbe
1461 3768 1462 3793 ᾖ

247 3791 439 3865 exciderunt,
462 3793 592 3852 eiuadem
606 3794 667 3854 leae
681 3814 801 3870 aeruna,
824 3815 882 3874 qua
897 3795 986 3854 verba
998 3814 1062 3874 pag.
1091 3795 1157 3859 114.
1182 3793 1216 3857 h.
1234 3793 1268 3853 B.
1289 3794 1336 3854 le·

245 3884 374 3951 guntur:
394 3876 433 3939 ‘0
447 3876 482 3958 tii
493 3872 642 3957 Εὐσέβιος
650 3878 718 3960 περὶ
731 3884 788 3943 roei
799 3872 995 3942 Manuaria«
1009 3877 1113 3956 φησὶν,
1134 3871 1181 3940 in
1191 3872 1270 3957 ψπβ
1284 3877 1336 3958 ira

245 3960 384 4039 tactem
396 3958 468 4039 pat
481 3959 512 4024 ro'
523 3967 666 4042 γεννῆσαι
678 3954 854 4067 ariar'slapip,
871 3962 913 4035 oie
924 3959 975 4023 nat
987 3960 1021 4024 ta
1035 3962 1125 4036 tatae
1139 3956 1336 4043 airriypiiooec
1460 4008 1461 4015 .

244 4042 342 4119 lotia,
364 4043 415 4106 ani
431 4044 609 4124 τεθνηκέναι
630 4045 680 4125 l‘rn
704 4042 728 4119 ς’
748 4073 806 4128 rapo
819 4051 876 4108 rori
890 4050 1105 4125 κατακλυσμοῦ.
1134 4040 1332 4126 inspicietur

244 4121 357 4210 &uhic
371 4123 450 4191 rivae
461 4130 506 4214 tp
520 4136 624 4195 x.'r.t.
650 4132 737 4192 Harae
748 4130 923 4195 cententiaiu
937 4149 1006 4211 pag.
1022 4134 1093 4196 114.
1107 4150 1226 4210 quoque
1239 4132 1333 4191 Geor-

311 4275 359 4329 per
370 4259 515 4313 universnm
527 4262 612 4315 orbern
627 4267 753 4316 terranem
770 4278 882 4333 arpenna
897 4260 1014 4316 lioeleaia
1025 4262 1173 4317 Christiana
1189 4281 1244 4317 earn
1255 4264 1331 4317 aotam

311 4337 441 4399 acceptam
455 4330 549 4392 hahet,
566 4348 647 4399 eaque
660 4333 747 4383 utendi
760 4349 851 4384 morem
867 4332 975 4400 apomeli
982 4332 1126 4387 salvatorio
1136 4333 1217 4387 nocui
1231 4350 1330 4388 aarum

308 4412 360 4467 quc
373 4398 492 4469 mapali
503 4399 554 4454 ian
566 4416 583 4455 a
597 4399 725 4473 principio
737 4399 925 4457 undideruat''
