3428 4998
502 431 564 500 ET
585 429 938 499 ANNOTATlONES.
1220 419 1300 499 356

216 587 295 649 cuerit
314 585 487 668 quindecim
514 606 680 649 numerare.
723 587 801 649 solis
825 586 1051 667 quatuordecim
1072 598 1215 650 oneratur
1237 611 1295 652 no-

215 675 260 733 stri
273 683 368 732 textus
385 688 455 746 orsu,
477 672 543 731 aliis
560 672 641 733 houd
659 672 748 732 dubie
762 674 794 733 in
808 682 911 733 textus
930 674 1062 734 eiusdem
1077 693 1166 734 sensu
1177 673 1295 736 deside-

214 759 286 833 ratir,
305 758 406 817 indice
418 759 458 816 de
471 758 598 817 Librarii
613 758 732 819 delectu
743 760 896 820 Lectoreur
911 760 1105 833 admonente,
1127 759 1208 820 etad
1221 781 1297 821 mar.

206 843 295 921 ’gisem
310 843 477 902 desiderata
490 853 682 923 reperturum
700 844 891 903 emundante:
913 845 1023 905 Verum
1041 844 1205 905 obliteratis
1221 844 1297 906 eha-

211 927 359 987 raoteribua
381 938 411 987 et
433 947 554 987 corroso
579 928 751 988 membrum
774 929 941 1010 potioribus
967 929 1073 990 oeulos
1100 929 1293 1012 fugientibus,

211 1011 255 1072 rix
266 1012 321 1091 legi
335 1012 498 1093 quidquam
514 1022 632 1093 potest,
653 1014 807 1074 autetiam
819 1015 959 1096 opinione
973 1015 1090 1078 eoniiei.
1130 1048 1138 1061 ·

282 1123 491 1211 Εὔρεθήσεται
505 1128 524 1194 o‘
539 1126 735 1195 Modovddio
746 1126 845 1218 Μεθ’.
861 1131 937 1196 droia
947 1125 1145 1214 τελευτήσας]
1165 1130 1213 1190 Ex
1225 1152 1296 1213 pro·

210 1213 285 1293 pria,
305 1224 334 1274 et
348 1214 443 1295 ipsius
457 1214 577 1275 Eusebii
595 1219 751 1288 sententia,
775 1217 861 1279 ducit
874 1238 942 1276 eum
958 1216 1082 1292 luthor,
1105 1218 1186 1296 quod
1202 1217 1296 1293 aiunt,

209 1297 461 1359 inincornruodum
473 1302 627 1375 eiusmodi,
649 1313 684 1362 ut
698 1323 729 1362 se
741 1302 873 1384 propriis
888 1302 977 1363 ermis
991 1302 1140 1362 conficiet.
1183 1300 1296 1361 lutho-

209 1383 245 1443 rii
262 1385 376 1464 opinio,
400 1404 474 1463 quse
496 1387 661 1446 communie
682 1398 742 1459 est,
771 1386 939 1447 llluthusals
960 1387 1083 1469 publico
1103 1384 1195 1445 totius
1215 1386 1296 1446 orbis

209 1470 349 1548 naufragio
371 1469 494 1550 periisse
515 1472 622 1529 statuit
640 1492 719 1530 antio
741 1470 822 1531 vitre
837 1475 910 1537 969.
935 1492 952 1528 e
975 1471 1082 1530 mnndi
1101 1470 1294 1531 incunabulis

209 1555 290 1620 9942
310 1574 348 1614 ex
365 1574 426 1634 quo
442 1554 600 1615 Eusebium
617 1555 725 1615 diluvii
741 1556 856 1615 cladem
878 1554 981 1615 eodem
999 1577 1078 1615 auno
1101 1564 1297 1635 reponentem

208 1640 383 1717 paralogismi
408 1638 622 1718 convicturus,
651 1639 819 1700 Mathusals
842 1660 904 1697 non
926 1641 1026 1719 plures
1051 1645 1122 1706 949.
1144 1641 1231 1698 annis
1248 1639 1294 1698 vi-

208 1722 274 1783 visae
293 1722 350 1784 lruc
366 1733 455 1805 pacto
472 1724 596 1803 colligit.
639 1725 755 1783 interiit
766 1721 930 1783 Matlruiala
952 1723 1060 1782 diluvii
1077 1723 1177 1801 aquis,
1199 1725 1225 1783 si
1240 1744 1296 1804 pu.

208 1805 291 1868 blicae
305 1811 373 1869 voci
388 1808 556 1881 credimus,
578 1828 656 1867 snno
678 1808 774 1875 2242.
791 1817 820 1868 et
835 1806 981 1868 Eusebius
999 1808 1062 1888 ipse
1079 1811 1206 1867 latetur:
1229 1808 1294 1868 Eu·

208 1892 294 1952 rebius
313 1905 411 1954 tamen
431 1892 540 1952 ducem
558 1893 732 1952 Africanum
751 1893 784 1952 in
803 1892 956 1974 plerisque
977 1893 1080 1952 laudat
1095 1902 1125 1952 et
1140 1893 1295 1972 sequiturt

207 1976 471 2037 dlricauusautem
488 1977 599 2036 diluvii
615 1999 713 2038 cusum
730 1977 769 2038 sd
786 1997 897 2038 sunum
917 1983 1011 2046 2262.
1030 1977 1202 2038 submovet:
1230 1978 1294 2038 Eu·

207 2061 294 2120 sebius
312 2063 421 2141 igitur,
443 2061 506 2120 fixo
521 2062 559 2121 ad
575 2083 687 2122 anirum
707 2063 813 2124 muudi
832 2062 1074 2138 2242di1uvio,
1098 2063 1169 2122 totis
1185 2060 1293 2141 viginti

206 2147 297 2223 aunis,
318 2149 349 2206 id
365 2157 412 2207 est
425 2150 496 2214 949.
512 2148 718 2225 solummodo,
739 2149 833 2208 vitem
847 2145 1016 2208 Mathusola
1034 2147 1180 2208 minorem
1198 2148 1295 2227 scrip.

206 2231 270 2291 sisse
294 2233 474 2293 declaratur.
518 2234 584 2307 Qua
614 2233 730 2293 ratione
759 2234 948 2314 propulsaret
976 2233 1115 2293 iniurium
1141 2232 1293 2308 Eusebius,

205 2335 260 2375 non
282 2318 428 2396 ignotum.
474 2320 550 2377 Sane
572 2318 717 2396 Georgio,
744 2338 813 2378 cum
839 2338 877 2378 ex
899 2339 949 2389 ea,
977 2324 1067 2397 quam
1090 2318 1153 2398 ipse
1173 2326 1293 2394 tuetur5

205 2408 262 2460 tum
283 2423 319 2463 ex
343 2404 499 2483 opposite,
529 2423 618 2483 quern
642 2404 828 2464 sdversarius
858 2401 984 2464 sustinet
1006 2402 1166 2482 opinione,
1192 2403 1294 2484 ipsum

204 2488 397 2631 fflerssrium
414 2488 552 2569 aggredi,
573 2490 735 2550 familiare:
762 2491 844 2569 quod
864 2509 903 2548 an
924 2489 1015 2570 plene
1034 2488 1216 2568 legitimum,
1238 2489 1294 2548 de-

251 2593 411 2640 revereor.

280 2671 336 2739 And
347 2675 400 2738 roi
411 2678 525 2757 psillos·
539 2672 578 2737 dv
592 2698 639 2748 τις
647 2677 692 2757 rpi
706 2666 790 2755 ρνα’.]
812 2666 887 2754 pvu'.
900 2673 967 2735 vice
982 2666 1054 2755 puy'.
1065 2671 1292 2740 restituendum.

205 2756 241 2816 ut
258 2760 332 2819 enirn
354 2759 521 2820 Mathusala
541 2765 613 2828 969.
635 2760 722 2818 aunis
745 2768 832 2819 notua
855 2758 970 2819 diluvio
992 2752 1158 2852 interierit,
1187 2759 1295 2835 muudi

204 2846 291 2912 2942.
305 2846 409 2906 debuit
425 2845 511 2924 prius
527 2865 606 2905 anno
622 2848 714 2911 1273.
734 2843 766 2902 iu
783 2845 879 2904 lucem
895 2842 1051 2922 prodiisse
1093 2841 1198 2902 linoclr
1220 2863 1292 2904 vero

202 2938 280 3006 poter
292 2932 353 2990 eius
367 2931 461 2991 solem
474 2931 605 3010 primum
620 2939 776 3007 aspexerat
792 2950 871 2988 anuo
890 2937 980 2998 1122
1001 2947 1061 2988 non
1078 2927 1179 3007 potuit
1193 2929 1293 3008 itaque

202 3012 255 3071 alio
268 3035 353 3092 quam
364 3010 526 3083 vitae'151.
541 3014 639 3079 lilium
652 3013 819 3073 ilathusola
834 3034 1003 3095 procreare.
1033 3014 1162 3072 'lentum
1174 3021 1293 3072 utrum-

202 3116 252 3174 que
265 3099 402 3161 Latinum
416 3121 452 3158 ae
465 3099 615 3160 Graecum
622 3098 740 3158 duthor
755 3099 913 3161 conciliat:
936 3119 1000 3173 nec,
1014 3108 1047 3157 ut
1059 3098 1218 3156 Africanus
1232 3099 1293 3156 lilo-

203 3179 313 3242 thusala
324 3185 418 3243 uitam
431 3205 522 3265 supra
538 3184 688 3243 diluvium
702 3193 853 3262 prorogat,
875 3204 931 3241 nee
945 3181 1153 3241 difficultatem
1168 3182 1198 3239 in
1214 3184 1291 3261 Sep-

202 3268 327 3344 tuaginta
351 3269 552 3350 interpretum
574 3276 662 3327 textu
682 3278 891 3331 occurrentem
911 3268 950 3326 ad
972 3265 1135 3325 Hebraeum
1159 3265 1292 3326 litteram

203 3353 335 3432 confugio
352 3355 449 3423 vitat,
468 3354 520 3414 sed
533 3372 592 3431 quo
610 3352 746 3411 foedatus
768 3362 849 3428 erat,
872 3353 1020 3410 Graecum
1038 3359 1156 3408 textum
1178 3370 1292 3430 expur-

201 3439 374 3511 gatuaenslo.
415 3438 482 3498 Hoc
493 3437 638 3498 Authoris
651 3447 695 3498 est
709 3437 740 3497 in
755 3437 884 3496 Graecos
897 3434 1083 3495 beneficium.
1128 3432 1186 3507 Qui
1200 3456 1292 3514 porro

202 3520 257 3580 siut
268 3542 414 3581 annorum
430 3523 548 3583 numeri
564 3524 595 3581 in
612 3523 705 3582 altera
724 3543 761 3583 ex
782 3523 877 3582 tribus
895 3522 1002 3600 linguis
1021 3518 1212 3595 integriores,
1240 3518 1294 3579 alii

202 3603 375 3668 discutiunte
403 3606 480 3667 milri
502 3626 594 3688 penes
614 3607 743 3668 Grsecos
770 3607 1007 3666 commendatum
1030 3601 1196 3662 luthoreur
1217 3605 1292 3665 red-

202 3690 266 3752 dere
277 3692 317 3752 sit
335 3692 419 3754 aatis.
461 3690 558 3753 Huius
575 3692 634 3752 loci
649 3692 823 3752 memoriam
840 3691 952 3751 habens
968 3687 1186 3749 eruditisiimus
1202 3689 1292 3748 Peta-

201 3775 263 3837 rius
278 3779 329 3838 lib.
344 3785 374 3845 9.
390 3778 428 3838 de
448 3778 535 3839 Dect.
551 3776 652 3856 Temp.
669 3797 736 3857 cap.
752 3782 782 3843 8.
800 3776 935 3837 Africani
951 3785 1080 3835 mentem
1097 3774 1291 3852 expositurus

202 3866 304 3923 erroris
316 3863 416 3942 arguit
428 3869 479 3931 70.
494 3862 694 3943 lnterpretum
709 3872 842 3922 textum:
864 3863 994 3943 seipsum
1010 3857 1206 3920 nihilominus
1219 3879 1290 3918 con-

202 3945 292 4007 festim
314 3950 468 4024 emendat,
497 3949 549 4009 ubi
571 3947 682 4008 diluvii
703 3969 781 4008 auno
805 3948 897 4014 2242.
917 3943 1111 4024 contigntssdl
1131 3953 1291 4004 0880110r0⁸

202 4049 362 4107 gamanam
384 4044 414 4093 et
436 4054 454 4091 a
475 4038 526 4099 70.
544 4032 760 4116 luterpretibus
781 4041 957 4113 conceptam
976 4049 1124 4091 asinorum
1146 4048 1292 4088 summam

201 4124 295 4178 unere
310 4118 503 4199 pronunciat.

277 4237 345 4315 Pig-
359 4242 410 4303 21.
440 4228 537 4311 Οὗτος
550 4230 668 4299 ἅπαντα
680 4236 804 4300 πλείονα
817 4230 951 4318 ploos]
973 4233 1058 4294 Hane
1075 4231 1207 4292 Africani
1223 4250 1290 4291 sen·

202 4321 314 4381 lentiam
329 4323 462 4400 Scaliger·
478 4322 603 4382 Eusebio
617 4342 776 4404 perperam
794 4322 923 4403 imputat
937 4340 1003 4402 pag.
1025 4320 1056 4386 4.
1071 4328 1107 4378 ut
1122 4329 1152 4377 et
1163 4336 1290 4397 sequen-

202 4411 265 4466 tem
285 4407 435 4491 eldirpeie
446 4405 626 4489 dpuvuplus.
