2864 5004
266 319 342 394 424
648 325 990 397 EMENDATIONES

175 482 206 537 V·
221 483 258 541 ³³
354 487 480 569 Προῖτος
492 482 593 558 aderit
605 484 658 562 τῆς
672 476 716 558 ef·
731 483 925 562 davantriae]
940 484 1075 556 Quorum
1087 485 1208 546 nomina
1222 486 1259 546 ab
1275 485 1348 546 sert·

268 591 344 632 cano
370 579 507 630 tacentur
528 590 559 649 p.
580 572 633 634 61.
656 577 785 647 quatuor
810 577 928 629 tantum
949 569 985 627 ab
1009 569 1134 630 Eusebio
1164 582 1348 631 numerorum

268 675 336 738 pag.
356 661 408 722 62.
430 655 537 714 citatas
558 671 597 712 ex
614 672 675 732 quo
699 652 829 729 crimen,
851 663 881 711 et
905 654 1024 732 Georgii
1048 655 1193 734 querelae.
1236 655 1347 716 Sexisti

268 749 401 823 pastores
414 757 512 816 reges,
533 745 563 796 et
576 737 671 816 Hycsi
685 735 808 817 losephe
824 740 997 818 nuncupati.

350 818 507 905 Ἀρχὸιῦης
529 820 578 902 breg
599 815 666 902 le'.]
694 822 779 881 Solos
798 826 847 888 13.
865 843 958 882 armos
979 822 1112 902 Scaliger
1128 824 1202 885 huic
1220 824 1348 904 imputat.

269 910 400 988 Uterque
414 928 486 968 vero
503 906 566 965 eius
578 906 664 984 regni
677 904 761 965 limes
774 906 952 984 scaligerum
968 907 1113 975 anniam.
1125 929 1225 970 errare
1237 910 1348 969 dauon·

268 1004 353 1054 strat.
397 992 464 1073 lpse
485 991 642 1073 proprium
658 989 780 1050 damnat
803 1012 934 1053 errorem
953 993 1107 1054 &nouum
1135 996 1230 1075 lssgo.
1252 995 1348 1061 lib.2.

267 1099 337 1161 pag·
352 1080 424 1143 180.
440 1086 470 1135 et
484 1096 575 1136 anuos
589 1076 640 1142 85.
654 1075 795 1135 restituit.

357 1167 418 1224 Teii
429 1158 462 1223 δὲ
476 1155 590 1240 κόσμου
604 1152 646 1239 ἦν
660 1158 724 1232 iroc
739 1154 858 1243 ,γφος’.]
878 1160 924 1221 lta
945 1161 1150 1241 reponendum
1168 1187 1220 1248 Ιγφ
1256 1157 1275 1225 ’.
1289 1163 1350 1222 ries

268 1266 361 1325 aequa
376 1244 551 1306 numerandi
563 1245 639 1304 ratio
654 1245 768 1304 suadet.
796 1245 927 1306 Nitocris
941 1249 1021 1305 enim
1033 1267 1157 1324 regnum
1171 1270 1250 1309 amre
1264 1250 1350 1315 3510.

268 1331 433 1411 suspicata,
454 1350 506 1389 sex
524 1330 609 1388 annis
629 1328 707 1389 illud
728 1329 874 1390 obtinuit:
902 1350 934 1389 ea
957 1343 1084 1411 propter
1100 1352 1253 1394 successor
1271 1333 1350 1410 Myr»

266 1425 351 1476 taeus
365 1414 601 1474 Ammonodotus
610 1413 730 1473 initium
746 1415 793 1473 sui
815 1416 931 1492 vulgari
946 1416 1051 1475 mundi
1069 1436 1149 1477 anno
1167 1421 1263 1486 3576.
1279 1416 1350 1476 fixit.

269 1501 308 1561 elt
319 1502 344 1558 si
361 1500 428 1579 quis
442 1500 479 1558 ad
494 1518 605 1559 annum
617 1499 711 1565 3598.
741 1498 887 1559 Nitecrim
900 1500 1058 1580 imperium
1070 1521 1246 1580 prorogasse
1258 1501 1350 1582 suspi-

268 1593 366 1644 cetur:
389 1583 457 1643 exin
476 1592 615 1662 arguetur
634 1582 708 1641 salsa
725 1582 910 1662 suspicatus,
932 1585 1127 1664 quodminus
1152 1590 1244 1653 3598.
1259 1596 1295 1646 ut
1308 1604 1350 1645 se·

187 1736 202 1759 a
268 1688 363 1747 quens
389 1667 588 1728 Thebaeorum
615 1687 718 1746 regum
742 1667 920 1729 laterculum
942 1668 1112 1728 marrisestat
1138 1691 1204 1750 pag.
1227 1674 1295 1739 105.
1316 1670 1348 1731 d.

267 1752 470 1814 'lhuosimaris
492 1751 617 1834 imperio
639 1752 729 1811 luerit
749 1763 952 1811 comem-atm:
975 1772 1145 1832 praecessor
1158 1766 1257 1816 summ
1272 1755 1350 1833 llyr-

268 1845 353 1896 taeus
368 1838 452 1897 aunis
470 1844 523 1903 22.
537 1844 654 1913 sceptra
674 1843 825 1894 tenueram
846 1836 903 1894 iam
920 1836 1010 1914 igitur
1024 1837 1061 1895 ab
1081 1858 1162 1898 anno
1178 1844 1272 1906 3570
1295 1856 1350 1917 qus

266 1920 398 1981 Nitocris
412 1921 525 1979 exactis
537 1922 619 1996 regni
635 1938 687 1977 sex
699 1918 784 1978 annis
797 1919 860 1987 rita
877 1919 1049 1982 decesserat.

358 2008 419 2067 Τοῦ
439 2000 473 2064 el
488 1997 598 2082 κόσμου
611 1992 735 2082 sielsoe
747 1998 868 2088 grand]
888 2005 955 2064 lloc
972 2005 1053 2063 aliud
1069 2004 1197 2064 librarii
1217 2003 1350 2064 mendum

266 2087 394 2148 tollitur.
427 2085 572 2147 Tleelxion
588 2088 784 2146 annemundi
800 2092 892 2153 3390.
907 2089 1046 2161 ineunte,
1067 2096 1132 2147 ute
1145 2088 1349 2166 Sicyoniorum

265 2192 367 2250 regum
382 2171 575 2252 praecedente
588 2171 797 2250 diagrammate
811 2190 877 2250 pag.
895 2176 964 2237 102.
977 2172 1008 2232 C.
1024 2171 1132 2248 legenti
1148 2183 1248 2251 patet.
1270 2173 1348 2249 regni

267 2268 465 2333 consequutus
479 2255 622 2334 insignia,
646 2275 814 2335 supremam
831 2264 1005 2334 potestatem
1030 2256 1116 2317 suuis
1138 2263 1190 2326 62.
1207 2259 1348 2318 munst:

267 2359 329 2399 neu
342 2338 434 2414 igitur
450 2338 506 2397 alio
522 2360 609 2417 quana
624 2340 717 2406 3442.
730 2358 763 2399 es
780 2339 881 2421 potuit
893 2340 1044 2401 excedere.

349 2422 417 2500 Peg.
437 2422 506 2487 105.
532 2418 617 2495 Tesie
627 2419 681 2484 adr
694 2417 883 2502 αὐτόχθονα]
899 2425 1028 2505 Reponit
1040 2423 1113 2484 baec
1126 2426 1257 2504 Scaliger
1263 2447 1294 2508 p.
1303 2431 1349 2493 21.

264 2507 303 2567 sd
323 2515 441 2587 tempus
462 2525 522 2586 que
540 2524 579 2565 ex
600 2503 687 2569 laceb
703 2514 790 2564 uatus
814 2517 857 2565 est
877 2509 963 2568 Levi:
991 2519 1021 2569 et
1035 2509 1192 2571 Eusebium
1208 2513 1349 2570 Graecum

266 2591 371 2652 Latino
388 2590 534 2652 contraris
547 2588 723 2649 sentientem
736 2590 898 2668 componit.
940 2592 998 2651 llic
1010 2594 1088 2651 euim
1102 2595 1142 2652 ad
1156 2594 1290 2653 Abrahae
1302 2597 1348 2658 50.

165 2675 198 2730 P.
215 2674 252 2732 86
268 2688 298 2738 et
327 2675 532 2735 Semiramidos
554 2679 606 2741 41.
656 2674 746 2754 Apud
775 2675 908 2748 cirtem,
937 2674 1049 2753 inquit,
1078 2681 1217 2755 regnarit
1235 2680 1349 2756 primus

266 2758 337 2823 Cres
356 2759 511 2839 indegena.
551 2761 589 2821 Et
607 2757 717 2818 iterum
739 2757 777 2817 ad
800 2757 934 2818 Abrahae
948 2763 1019 2825 130.
1037 2759 1118 2819 Isaac
1133 2765 1187 2827 30.
1201 2772 1231 2821 et
1254 2759 1350 2819 hrabii

263 2845 455 2924 Assyriorum
479 2842 556 2922 regis
575 2848 605 2909 9.
654 2845 724 2902 Hoc
747 2855 876 2922 tempore
901 2846 935 2903 in
963 2844 1052 2903 Crete
1076 2850 1216 2924 regnarit
1232 2850 1350 2925 primas

268 2930 340 2990 Cirr
359 2927 521 3009 indigena,
551 2938 587 2986 ut
611 2927 740 3007 quidam
762 2930 886 2987 velient:
920 2928 990 2986 Alii
1014 2950 1082 2989 vero
1110 2934 1349 3010 suprascriptum

265 3027 381 3093 tempus
393 3011 568 3075 vindicant.-
590 3032 665 3090 quae
679 3012 778 3071 eedem
793 3016 906 3072 Graece
920 3013 1062 3091 Georgius
1072 3016 1222 3094 exprimit.
1244 3017 1348 3075 Verum

263 3100 301 3160 de
316 3099 401 3159 crete
419 3098 553 3158 nondum
567 3097 723 3175 loquutus,
744 3096 859 3176 aliquid
879 3097 936 3155 iam
953 3116 985 3156 se
1005 3117 1181 3159 memorasse
1200 3100 1348 3161 affirmans

262 3183 381 3245 Eusebii
396 3182 495 3244 verbis
509 3181 610 3241 minus
622 3200 691 3241 rere
705 3199 737 3240 se
754 3182 798 3238 uti
811 3200 870 3240 non
885 3180 1104 3241 animadvertit.

342 3260 592 3346 ’Λφυιιιιὶσαντος
605 3269 660 3329 τοῦ
671 3259 806 3346 Ἀβραὰμ
821 3269 864 3351 ¹95
876 3259 919 3328 ιε’.
933 3264 992 3327 ἔτει
1007 3269 1064 3329 reri
1075 3260 1201 3349 lesda]
1243 3269 1298 3328 llis
1311 3286 1346 3326 ex

264 3348 390 3429 losephe
402 3350 503 3413 relatis
517 3351 561 3411 nil
579 3351 674 3411 simile
687 3352 801 3430 profert
814 3349 877 3430 ipso
892 3348 1046 3430 Iosephus.
1069 3353 1243 3425 Quinimmo
1257 3351 1308 3413 lib.
1321 3355 1347 3415 1.

263 3433 384 3513 Antiqu.
399 3455 462 3515 cap.
475 3440 523 3501 18.
540 3444 608 3516 pest
623 3445 747 3515 mortem
761 3433 895 3494 Abrahae
909 3435 1036 3495 natalem
1050 3436 1137 3494 lacob
1148 3436 1227 3493 elieser
1241 3437 1346 3495 refert:

260 3511 363 3603 leriuga
376 3514 409 3580 dl
421 3514 492 3597 used
508 3524 563 3584 rori
576 3513 728 3600 Ἁβράμου
740 3516 878 3599 τελευτήν
892 3514 973 3582 ἐκύει
984 3516 1018 3582 sd
1032 3513 1170 3601 γύναιον.
1198 3522 1345 3597 Desarene

261 3622 331 3664 vero
344 3600 539 3677 Auratam,
560 3623 634 3661 uror
647 3605 728 3664 lracr'
737 3604 861 3683 gerebat
872 3614 1000 3666 metune.
1044 3601 1124 3661 llaec
1139 3602 1242 3664 osdssn
1260 3604 1345 3664 serbo

261 3697 351 3748 tenus
369 3685 520 3747 Camenas
543 3686 681 3747 editionis
709 3687 815 3766 Regiae
837 3707 903 3769 pag.
919 3690 974 3753 33.
1002 3684 1079 3744 nulli
1107 3692 1207 3747 tamen
1230 3688 1344 3751 authori

261 3772 338 3833 ascri
361 3781 403 3833 ts.

339 3795 398 3939 ΡΤῷ
409 3846 462 3935 με’.
478 3851 534 3916 drea
546 3847 670 3932 Ἰακώβ]
686 3851 791 3912 Aemus
800 3853 888 3912 Iaoob
901 3853 951 3919 45.
966 3851 1052 3913 debet
1065 3872 1128 3916 esse
1139 3856 1245 3917 muudi
1256 3861 1336 3927 8511

262 3942 308 4001 rel
322 3944 416 4008 3518.
433 3940 518 3999 iuxta
533 3938 709 3998 alterutrum
724 3948 899 4020 computum
911 3936 1067 4019 hueusque
1082 3939 1120 4000 sb
1139 3940 1274 4005 souare
1291 3943 1344 4002 oh-

259 4035 417 4086 servatum.
1431 4073 1432 4078 ,

339 4107 374 4171 Ὁ
389 4103 563 4189 Ἀφριιανός
576 4099 628 4181 οἵ.
641 4103 716 4169 true
727 4102 804 4188 lires
819 4103 920 4169 ildeis
930 4105 984 4173 reis
995 4102 1123 4190 Ἰακώβ]
1145 4108 1277 4171 Assentit
1289 4108 1343 4168 ea-
1431 4103 1432 4106 ’

260 4193 357 4254 sebius
369 4194 527 4269 Africano,
548 4211 655 4269 cosque
674 4200 836 4268 sequuntur
850 4191 1032 4254 Biblicorurn
1052 4195 1206 4255 anrralium
1217 4195 1342 4271 scripto-

259 4299 306 4340 εει
320 4277 487 4337 Tornieilus
501 4287 530 4335 ct
543 4276 687 4338 Salienus.
710 4275 808 4336 lluius
823 4288 981 4359 computus
993 4284 1171 4347 auuo2276.
1186 4288 1231 4339 est
1246 4277 1342 4338 huius-
