2888 5002
437 432 496 499 ET
516 426 868 500 nnuouamonns.
1119 417 1195 495 627

111 583 209 645 [austri
228 593 258 643 et
274 581 460 664 Olympiadis
474 583 634 645 concordia
646 583 716 646 Not.
732 602 798 663 pag.
814 581 885 651 259.
903 582 1033 664 profert,
1054 582 1091 644 ab
1107 583 1195 644 tnt-

111 670 176 729 eani
191 679 289 729 menta
303 669 422 747 penitus
436 667 547 746 aliena,
569 670 620 748 qui
635 668 745 729 Patavii
762 688 828 749 cap·
846 669 897 734 40.
917 668 1037 746 legerit,
1058 671 1194 748 experie-

110 764 165 813 tur.
206 755 242 813 ld
256 754 287 811 iu
302 755 365 811 eius
381 754 537 815 Animadv.
553 756 684 833 placuit,
707 755 789 831 quod
807 761 876 834 post
887 754 977 812 verba
992 748 1067 816 sard
1084 747 1196 816 Ἀντιο-

109 845 167 918 χεῖς
190 833 246 900 κδ’.
268 833 319 913 ad,
341 837 415 911 fera,
437 839 624 897 scribendum
645 838 828 916 suggesserit.
869 838 1015 897 Probatur
1035 837 1195 898 etiamnum

63 950 73 975 a
110 922 259 1001 eoaieeptis
272 921 371 981 verbis
391 921 501 981 ibidem
516 922 655 985 scribens.
704 925 813 981 'llrmen
833 922 906 982 celle
930 920 1048 982 ridetur
1069 923 1195 999 Africo·

109 1028 165 1065 nus
178 1027 306 1064 eorunm
327 1007 616 1085 celebratumflre'eee
633 1006 840 1085 Olympiadem
862 1010 932 1072 189.
952 1005 1038 1086 prend
1052 1028 1132 1066 anno
1152 1029 1196 1065 se.

109 1094 210 1170 quenti
226 1095 364 1167 Jieetum.
409 1093 490 1149 lt'nm
517 1092 680 1151 bissextum
703 1094 860 1150 leeiieemrm
886 1089 1034 1149 mrteerde't
1059 1094 1194 1170 primum

107 1197 221 1234 ιιιιιιαιο
239 1173 432 1253 (illaqueata
444 1177 595 1235 mensibus
608 1176 773 1250 sexdecim,
793 1174 960 1256 uliqumrdo
974 1175 1195 1254 septemdecim:

108 1281 180 1339 quae
195 1259 271 1319 mibi
284 1280 371 1319 eausa
391 1260 463 1336 luit,
486 1271 521 1321 ut
540 1261 612 1321 areeri
629 1260 735 1321 iuliani
754 1260 976 1339 castigationem
990 1262 1020 1320 in
1034 1280 1118 1320 aerae
1130 1262 1195 1340 dn·

109 1346 263 1405 tioclscnaa
277 1347 328 1410 25.
343 1365 453 1404 austum
468 1346 636 1422 reiicerem,
659 1346 684 1405 si
703 1349 772 1413 189.
786 1345 992 1425 Olympiadem
1005 1345 1041 1403 ab
1054 1344 1197 1405 Africano

108 1433 270 1510 scriptam,
292 1430 421 1509 praeciso
435 1430 492 1488 sibi
505 1432 697 1491 coadunatam
710 1432 853 1511 accipiat:
876 1429 947 1490 alias
962 1430 1091 1489 eiusdem
1113 1448 1197 1490 aerae

108 1517 159 1580 24.
181 1516 233 1593 qui
258 1513 416 1573 bissextilis
438 1514 625 1597 Olympiadis
647 1519 716 1582 189.
743 1517 873 1594 primum
895 1535 1006 1575 animm
1026 1515 1197 1574 antevertit.

108 1600 259 1677 Nusquam
279 1619 372 1679 porro
391 1600 552 1660 verborum
570 1603 697 1662 istorum
714 1598 757 1663 de’
774 1593 813 1680 ἧς
833 1599 883 1664 tut
899 1604 960 1663 raia
974 1598 1068 1681 o‘oleoa
1091 1599 1159 1679 tam
1180 1596 1198 1661 δ

111 1680 260 1757 talant„
292 1704 410 1744 seersum
436 1688 618 1764 assequitur,
644 1686 747 1745 eadem
774 1684 833 1744 lroc
860 1696 949 1764 pacto
974 1685 1197 1764 interpretatus.

107 1771 184 1827 Dira
204 1770 442 1828 intercalaribus
449 1816 458 1847 ,
487 1768 570 1850 quod
588 1771 751 1830 bissextum
779 1768 909 1844 dicitnr,
942 1769 1056 1828 eulribet
1080 1787 1198 1827 ruentem

107 1855 192 1911 intra
204 1856 282 1929 lieres
297 1874 389 1928 areos,
410 1877 446 1912 ns
457 1857 490 1912 in
505 1853 708 1914 errateeedentio
721 1867 857 1934 rogetur,
899 1853 1024 1912 cohibet
1045 1853 1197 1933 equidem:

106 1948 137 1995 at
161 1957 231 1995 cunr
251 1936 375 2014 singulis
396 1939 428 1997 id
446 1940 648 2018 quadrienniis
659 1949 791 2019 praestet
811 1959 866 2001 cur
884 1937 943 1999 buc
962 1938 1080 2018 potius,
1107 1956 1198 2016 quam

106 2022 165 2080 alio
191 2026 256 2079 loco
277 2022 456 2083 miraculum
481 2024 518 2083 ab
542 2026 683 2084 Africano
708 2025 930 2097 decantaretur,
963 2042 1026 2082 non
1052 2022 1198 2102 percipio·

104 2106 287 2187 blernoratnr
302 2105 401 2184 itaquo
416 2107 569 2187 spaciatim
584 2110 665 2189 quod
680 2108 741 2168 fixo
756 2109 795 2168 ad
815 2109 886 2167 anni
907 2107 1016 2167 iuliani
1032 2106 1111 2166 diem
1130 2126 1199 2166 cer-

106 2202 171 2250 tum
186 2190 400 2271 Aegyptiorum
416 2214 510 2268 anno,
530 2214 593 2253 non
613 2203 748 2273 receptus
762 2193 850 2252 enredo
870 2192 1030 2252 bissextilis
1047 2192 1124 2266 dies,
1144 2189 1199 2250 scd

106 2285 137 2336 et
151 2276 371 2335 intercalationi
386 2278 524 2359 deinceps
542 2279 693 2339 faciendae
708 2278 948 2357 castigatissimae
963 2277 1070 2337 modus
1082 2276 1118 2336 ab
1132 2276 1199 2336 du·

105 2369 192 2439 gusto
209 2370 253 2419 est
263 2358 423 2422 adbibitus.

190 2438 368 2525 Ἀφοιιιανδς
377 2441 468 2522 ἐάσας
483 2445 599 2527 εἰπεῖν]
619 2448 734 2510 ilerum
746 2449 822 2525 viee,
839 2445 972 2506 elirieani
986 2446 1105 2507 nomine
1119 2443 1200 2507 scri·

106 2527 152 2587 bit
173 2530 303 2605 Scaliger
330 2539 430 2589 textus
452 2553 519 2611 pag.
538 2538 589 2599 60.
630 2527 723 2595 ταῦτά
745 2557 797 2613 μοι
822 2527 1116 2612 προπαρεσκεύασται
1143 2523 1200 2610 orig

106 2609 227 2687 αἰιλῦς,
248 2607 322 2673 cilici
342 2616 436 2687 δεῖξαι
457 2616 628 2700 βουλομένῳ
653 2622 720 2691 amic
746 2612 919 2700 ἐγγιζσῦσης
938 2619 994 2678 τοῦ
1015 2618 1200 2696 μονογενοῦς

106 2698 180 2758 οἱοῦ
190 2696 242 2757 καὶ
257 2690 348 2777 lo'yoo
361 2702 415 2760 roei
433 2703 512 2761 Θεοῦ
524 2699 575 2761 καὶ
592 2704 724 2780 σωτῆρος
740 2699 830 2780 ἡμῶν
847 2693 945 2777 Ἰησοῦ
966 2702 1097 2780 Χριστοῦ
1110 2698 1200 2772 θείας

106 2777 285 2861 σαρκώσεως
298 2781 429 2855 ἐξέλιπεν
450 2780 549 2863 ἄρχον
567 2783 596 2858 ἐξ
610 2778 706 2848 Ἰοῦδα
722 2785 773 2846 καὶ
787 2778 955 2869 q‘yodp'eroe
968 2782 1002 2846 ie
1019 2788 1080 2845 arie
1093 2787 1200 2862 μηρῶν

106 2861 220 2943 eademi,
241 2863 316 2927 κατδ
328 2864 386 2946 νῦν
399 2863 568 2949 ποόριἱησιν
580 2874 636 2932 τοῦ
652 2865 841 2949 Παιριαρχοο
854 2863 964 2947 Ἰακώβ.
999 2868 1109 2940 Quarrti
1124 2866 1199 2926 baec

105 2961 209 3024 erant,
239 2962 271 3009 ut
293 2953 433 3011 dliicano
453 2954 689 3032 ascriberentur,
718 2974 793 3034 quau
815 2952 952 3034 superius
974 2971 1039 3033 pag.
1059 2954 1132 3019 800.
1159 2952 1197 3015 t).

107 3056 231 3117 proprio
246 3038 367 3097 nonnae
379 3037 498 3119 scripsit
512 3038 665 3115 Georgius.

194 3120 271 3199 Περὶ
292 3113 478 3203 Ἀντιγόνου,
499 3123 552 3185 καὶ
571 3123 671 3199 siloae
688 3127 743 3204 τῆς
759 3115 910 3188 'loedriam
922 3118 1094 3201 βασιλείας]
1115 3118 1197 3179 llaec

106 3223 178 3264 rere
192 3203 334 3263 Eusebius
350 3209 431 3285 apud
444 3208 624 3286 scaligerum
639 3228 704 3289 pag.
720 3214 772 3275 60.
801 3207 882 3267 llaec
892 3208 993 3265 eadem
1009 3205 1114 3264 Latium
1130 3223 1198 3263 ver·

105 3291 152 3348 ⁸5⁰
167 3289 205 3346 σᾶ
216 3289 422 3368 Olympiadem
440 3296 509 3357 186.
530 3294 700 3353 Eustatlrina
713 3291 818 3371 liegiae
830 3289 1031 3352 Bibliothecae
1046 3297 1197 3370 postrema

106 3375 178 3434 licet
192 3371 332 3433 dilatoriae
346 3384 429 3455 parte
450 3375 550 3456 (quam
567 3381 663 3438 medio
680 3378 856 3438 narrationis
876 3393 966 3434 cursu
982 3373 1134 3436 Librarius
1147 3393 1198 3434 rc·

105 3459 194 3537 liquit
219 3459 390 3543 abruptam)
412 3464 544 3520 nondum
567 3463 749 3538 instructus,
779 3463 864 3540 longe
886 3470 985 3519 tamon
1005 3459 1141 3539 auctior,
1168 3466 1199 3519 at

105 3563 140 3603 ea
159 3543 303 3604 bistoriae
324 3565 425 3606 sacrae
445 3547 535 3621 serie,
558 3567 634 3626 quae
653 3568 670 3606 a
692 3547 845 3607 iudicibus
865 3544 1004 3606 Hebraeis
1016 3543 1055 3603 ad
1068 3544 1199 3605 Alexan·

105 3630 196 3687 draus
211 3628 250 3687 bl.
266 3631 370 3689 eteius
388 3641 510 3690 aetatem
525 3634 673 3709 excurrit,
696 3633 787 3714 dupla
803 3632 963 3707 nimirum,
984 3640 1013 3690 et
1027 3629 1103 3709 pari,
1121 3646 1198 3708 quae

106 3724 175 3772 astte
195 3734 290 3773 aaruos
314 3721 364 3780 20.
389 3716 524 3794 Lugduni
547 3718 660 3796 prodiit
679 3719 756 3777 mole
775 3716 973 3796 locupletior;
1003 3714 1105 3774 relatis
1123 3704 1200 3773 seed

105 3799 186 3872 λέξιν
202 3819 277 3875 equae
290 3802 447 3879 syncellus
464 3811 565 3862 noster
585 3823 622 3861 ex
634 3803 760 3862 Eusebio
776 3800 946 3880 subiungit,
967 3809 999 3860 et
1012 3818 1086 3879 quae
1097 3795 1200 3855 cadem

105 3883 226 3942 Eruebii
241 3886 342 3944 Latina
357 3887 531 3964 llieronymi
547 3888 752 3967 interpretatio
766 3887 886 3948 eredere
896 3884 1045 3966 postulat,
1065 3881 1201 3959 sequenti

105 3966 145 4027 de
176 3971 369 4048 Septuaginta
395 3971 628 4031 bebdomadibus
651 3973 851 4053 expositioni,
884 3970 957 4047 bas,
985 3986 1050 4028 nou
1077 3965 1201 4025 alterius

104 4052 211 4131 utique
219 4097 229 4129 ,
250 4076 339 4134 quam
357 4056 476 4117 linaebii
488 4057 628 4137 reliquiae
641 4056 702 4118 lanc
716 4056 896 4135 colligendas
910 4065 940 4115 st
952 4072 1037 4113 sacro
1050 4069 1133 4110 more
1147 4048 1200 4108 in·

105 4136 246 4198 serendas
264 4142 427 4219 aubiungit.
461 4142 567 4217 διελεῖς
581 4140 614 4205 dl
627 4137 681 4217 adr
694 4136 729 4206 o'.
744 4137 912 4223 itidopeidae
928 4133 1040 4211 obser·
1056 4130 1110 4209 teir
1125 4128 1199 4198 terat

104 4219 181 4303 perd
197 4219 254 4302 ιιὶν
276 4221 427 4291 ἐπάνοδον
446 4232 501 4306 τῆς
514 4229 716 4308 αἰχμαλωσίας
729 4225 785 4301 ἕως
801 4230 855 4306 τῆς
871 4223 1035 4301 οἰκοδομῆς
1049 4224 1103 4282 τοῦ
1119 4222 1199 4282 ναοῦ

103 4312 162 4371 τοῦ
183 4311 278 4372 eretz
298 4308 352 4385 τας
374 4310 408 4373 δὲ
424 4309 569 4391 ἑξήκοντα
590 4303 1039 4392 tractemundoque
1060 4300 1134 4367 imai
1152 4304 1198 4378 sig

103 4389 160 4459 sta
170 4388 280 4479 χρδνον
292 4394 434 4476 κατέσχον
453 4398 486 4460 ol
499 4399 622 4479 quoeo's
636 4392 817 4481 ἡγούμενοι,
837 4389 894 4475 τήν
907 4390 941 4457 dl
953 4391 1026 4472 pter
1042 4382 1197 4471 δβδομδδα
