2864 5004
382 411 813 503 nrannoranonea
1069 401 1146 479 476

82 580 141 644 992
160 572 309 636 victorum
321 571 401 632 enim
420 570 542 632 aomina
558 569 672 652 primo,
694 567 885 651 olympiade
906 588 980 632 vero
1002 587 1065 630 aaa
1085 568 1148 631 aiei

83 667 172 738 quarto
191 658 382 739 complentur
392 675 482 716 anno.
524 653 605 716 Haec
619 675 711 736 porro
732 655 770 714 de
784 655 960 715 Stadionieir
978 653 1092 715 mentio
1108 673 1148 717 ex

82 744 218 821 Africano,
239 743 279 802 ad
298 743 383 802 cuiue
396 750 531 821 tempora
548 740 621 808 248.
656 739 843 802 Stadionieae
861 749 1072 816 excurrerant,
1092 738 1148 799 de-

82 836 200 909 prompta
213 833 348 891 teatatur.
383 825 579 899 timenem,
599 824 649 884 vel
663 843 878 902 nonnunqum
889 823 1016 899 Emebii,
1038 824 1148 884 codici-

81 911 125 972 lua
142 911 255 973 lutlror
273 910 418 990 Georgia·
439 929 527 988 naua,
548 910 637 969 modo
658 908 767 985 haina,
789 907 879 968 modo
906 907 987 968 illiue
1009 927 1147 971 numeros

82 996 232 1077 impendens
245 996 447 1057 axmriuauan
466 993 549 1055 unde
563 994 601 1052 ad
617 993 735 1054 lluaebii
749 1013 843 1054 annor
862 993 899 1052 ab
918 999 1061 1052 autumno
1081 1011 1149 1054 nu·-

80 1081 202 1141 merantia
216 1090 364 1156 mentem,
386 1080 541 1159 Olympiae
558 1080 655 1159 prima
669 1077 810 1159 Aeachyli
832 1076 961 1138 meando
980 1096 1059 1134 anno
1080 1085 1150 1136 tor-

79 1167 188 1240 ninato,
209 1164 312 1224 etalio
331 1163 454 1225 ineunte
466 1173 593 1224 auertat
616 1163 705 1223 modo
721 1184 759 1223 ex
772 1161 905 1223 Africani
919 1160 1045 1221 coneilio
1057 1180 1147 1220 anun-

80 1251 105 1308 di
119 1251 205 1316 4721.
222 1259 252 1309 et
273 1249 361 1310 Oziae
375 1252 428 1316 39.
448 1248 592 1329 aecripta:
615 1248 758 1308 mendoso
780 1266 885 1309 rurrua
906 1246 1061 1307 obaervato
1082 1244 1148 1306 cal-

80 1334 150 1409 culo,
168 1353 227 1412 qao
241 1353 342 1394 meana
354 1333 478 1414 paginae
490 1330 679 1394 Genearchae
690 1334 828 1413 propriae
842 1340 951 1391 aetate·
964 1329 1050 1390 anaia
1064 1349 1149 1389 mun-

80 1416 171 1477 diano
187 1438 275 1497 quam
288 1439 345 1499 par
359 1418 399 1478 ait
421 1439 499 1478 anno
513 1418 602 1478 eitiua
612 1416 718 1477 affixae
730 1425 905 1491 numerant,
925 1415 1026 1475 eadem
1040 1414 1147 1495 Olym·

79 1500 132 1582 pin
146 1503 175 1562 in
187 1503 294 1564 mundi
316 1504 410 1571 4725.
426 1504 551 1564 reiectae
572 1502 622 1564 cui
640 1502 764 1562 adiectio
780 1507 851 1570 992.
865 1509 999 1561 extante·
1013 1499 1046 1559 in
1061 1509 1149 1560 textu

79 1587 157 1653 6711.
170 1608 315 1649 annorum
328 1608 443 1648 rumara
457 1587 616 1665 colligitur.
659 1586 798 1667 Adeoque
818 1606 882 1646 non
902 1585 992 1646 uulua
1010 1582 1147 1659 Librarii,

79 1670 122 1730 ted
141 1672 232 1752 ipeiur
252 1692 468 1752 nonnunquam
483 1672 642 1748 Autlaoaie,
665 1674 718 1751 qui
738 1679 918 1746 occurrunt,
940 1670 1056 1751 proprii
1078 1675 1148 1728 aunt

78 1773 190 1834 urerer,
212 1778 230 1817 a
243 1757 352 1838 quibua
364 1778 397 1816 ea
412 1757 600 1818 aolummodo
618 1757 750 1832 ratione,
772 1754 853 1833 quod
873 1774 949 1835 opua
960 1763 1023 1813 uo'u
1038 1753 1149 1831 relege·

77 1840 125 1918 rit,
144 1842 189 1901 ael
203 1843 401 1914 recensuerit,
427 1841 500 1900 mihi
515 1841 712 1901 vindicandae
730 1838 888 1899 videbitur.

146 1920 293 2007 Εὐσέβιος
306 1923 340 1987 dl
352 1922 408 2003 ario
420 1919 542 2005 πρώτην
558 1917 772 2001 Ὀλυμπιάδα]
796 1920 921 1982 Subtilie
939 1929 969 1981 et
989 1927 1146 1993 accuratur

76 2005 206 2069 luthorio
224 2010 263 2069 de
285 2008 412 2069 Eumbio
435 2007 582 2088 loquentia
603 2027 710 2070 sermo.
753 2006 882 2074 Primae,
902 2005 1016 2085 inquit,
1038 2004 1147 2084 Olym-

75 2090 159 2170 piadia
171 2095 300 2172 epatium
315 2101 445 2171 quatuor
462 2091 611 2151 continuio
626 2092 711 2151 annia
727 2091 939 2166 emetiendum,
960 2090 1030 2149 licet
1049 2090 1149 2149 Euae·

75 2174 132 2234 lina
144 2175 232 2236 Oaiae
245 2177 298 2243 49.
313 2176 362 2236 vel
376 2184 411 2235 ut
422 2176 508 2257 ponit
522 2176 651 2255 Scaliger
664 2180 713 2243 60.
737 2175 858 2235 initium
881 2175 999 2235 duxisse
1017 2175 1148 2254 auripao-

75 2257 122 2319 rit:
141 2260 233 2342 ipram
248 2269 347 2321 tamen
362 2260 568 2342 Olympiadem
581 2260 775 2341 quadriennio
796 2260 1001 2340 complendum
1022 2258 1101 2337 cogit
1117 2267 1148 2320 et

76 2342 177 2404 claudit
195 2343 319 2405 loethan
340 2365 418 2405 anno
436 2345 544 2426 primo.
591 2344 671 2406 Hinc
687 2345 751 2424 ipae
771 2345 894 2405 latinus
910 2344 1052 2404 Eueebiua
1069 2364 1148 2404 anno

74 2426 399 2510 linhami1240.quo
414 2431 539 2513 primum
553 2430 633 2491 locat
650 2429 875 2509 Olympiadem:
895 2433 994 2490 Porro
1009 2450 1075 2507 noe,
1095 2429 1147 2504 ait,

73 2514 103 2571 in
114 2518 215 2593 prima
232 2512 413 2595 Olympiade
433 2516 564 2577 Ioatlran
574 2518 751 2596 posuimus:
771 2513 805 2574 id
822 2525 883 2590 eet,
903 2515 982 2573 intro
1001 2510 1149 2591 Olympi·-

75 2616 119 2657 cae
133 2599 335 2661 tetraeteridoa
357 2619 490 2661 carcereo
509 2599 693 2661 inclusimaa.
735 2597 825 2669 Quod
847 2598 991 2657 Eusebiae
1011 2596 1048 2655 do
1067 2593 1148 2654 esri-

75 2683 257 2744 eanoacrrliit
275 2683 450 2745 huiuamodi
471 2692 525 2744 cat.
573 2685 714 2742 Primam
742 2680 951 2761 Olympiadem
977 2680 1147 2759 Africanae

74 2769 246 2848 temporibus
273 2768 403 2830 lunellum
421 2771 503 2849 regie
522 2767 730 2829 Hebraeorum
740 2768 848 2844 suinae
868 2766 982 2826 scribit.
1032 2766 1148 2824 Neutra

74 2871 182 2931 quoque
196 2855 376 2934 supputatio
390 2851 497 2913 iisdem
512 2853 695 2935 temporidno
707 2873 774 2910 eam
784 2852 926 2913 exhibuit.
968 2849 1083 2910 Horum
1097 2869 1147 2908 oc·

73 2936 179 2996 canone
190 2938 320 3017 Scaliger
332 2938 400 3001 Not.
413 2959 478 3020 pag.
495 2939 546 3006 64,
577 2938 609 2997 si
625 2937 784 2999 Africanus
797 2939 925 3017 primam
941 2934 1148 3016 Olympiadem

72 3021 923 3187 trattillmtltttlttlzllifltpflglll:
938 3020 1147 3164 altnlllt

73 3188 233 3267 expostulat
252 3189 405 3268 Georgius.
446 3192 537 3265 Quod
556 3193 582 3253 ei
601 3190 798 3252 concedamua
818 3190 914 3270 primo
930 3186 1054 3247 loathan
1068 3209 1147 3248 anno

73 3271 273 3355 Olympiadem
286 3273 412 3354 primam
428 3277 577 3335 conlatam
590 3295 653 3335 eoae
668 3275 705 3332 ab
718 3274 875 3350 Africano,
897 3292 988 3352 quare
1002 3273 1146 3333 Eusebius

72 3355 153 3434 ticin
174 3368 279 3418 nocem
300 3379 419 3440 qnoque
436 3363 615 3439 supputatio
641 3358 746 3418 iiedem
769 3358 952 3438 temporidue
971 3379 1038 3416 enm
1060 3358 1148 3417 calai-

72 3440 154 3502 buia?
180 3444 301 3505 Falsum
320 3445 398 3505 enim
420 3444 456 3503 ab
475 3444 604 3504 Eusebio
624 3463 688 3504 eam
710 3443 807 3524 primo
829 3463 907 3502 anno
927 3443 1051 3503 loethan
1068 3443 1146 3502 arai·

71 3528 163 3602 gnari:
181 3548 275 3611 quum
298 3528 337 3589 ad
358 3530 410 3596 60.
438 3529 560 3589 Ananiae
586 3549 651 3589 eom
672 3529 837 3588 annotarit:
859 3548 937 3588 anno
954 3548 1026 3589 vero
1047 3528 1145 3608 prinao

71 3607 185 3673 loatlran
206 3632 319 3674 annum
338 3614 459 3675 tertium
481 3614 666 3696 Olympiadis
690 3615 813 3695 primae.
859 3614 940 3673 Duae
961 3612 1054 3691 igitur
1074 3621 1145 3671 aunt

72 3697 316 3759 muniieatieaimae
334 3696 598 3777 hallucinationee,
620 3719 711 3779 quum
733 3698 856 3759 loathan
874 3720 931 3779 pro
950 3696 1048 3757 Achae
1065 3693 1144 3774 apud

70 3775 235 3843 Africanum
252 3782 341 3863 legit,
362 3793 474 3845 etcum
490 3785 565 3844 dicit
585 3806 616 3846 ae
630 3804 709 3844 anno
729 3784 826 3864 primo
842 3782 965 3843 loatlnn
987 3779 1144 3859 Olympia-

72 3856 134 3955 dem
145 3868 292 3944 poeninae,
313 3887 389 3947 quae
401 3869 499 3949 posita
512 3878 557 3929 eet
567 3872 619 3937 60.
636 3869 767 3929 Azariae.
808 3868 883 3944 Quia
898 3865 1068 3950 dtoyaorloo
1081 3881 1144 3922 non

71 3949 208 4009 meeturl
230 3949 312 4012 Haeo
324 3953 444 4014 Emebii
455 3954 570 4014 vindex
582 3953 720 4032 Scaliger.

151 4036 211 4094 tou
223 4031 256 4095 dl
268 4029 381 4117 κόσμου
395 4032 505 4121 ,δχοςᾙ
520 4038 594 4098 (lum
607 4039 713 4098 ultimo
721 4036 912 4117 Sardanapali
924 4054 1001 4093 atino
1012 4031 1045 4091 in
1056 4050 1143 4092 mun.

70 4108 202 4258 3676·
215 4113 365 4266 1111ἔ16111ὲιῖο
376 4143 514 4204 praeaeua
529 4124 622 4192 4676.
639 4123 871 4205 componendua.
914 4117 1067 4179 Videndua
1082 4119 1143 4178 lu·

146 4284 214 4363 1³⁸3·
235 4286 307 4352 198.
328 4290 455 4369 Διοίκης
469 4291 519 4370 ἔτη
531 4284 604 4370 adst]
625 4285 761 4372 Δηϊόκης
776 4288 814 4349 ad
827 4287 925 4348 Latini
939 4286 1058 4349 Emebii
1071 4307 1145 4348 aor-

69 4382 141 4429 mum
160 4367 279 4453 repetiit
294 4369 423 4452 Scaliger
429 4396 438 4450 3
460 4370 512 4437 td‘.
532 4384 629 4435 autom
647 4375 714 4435 vico
734 4368 788 4438 vd‘.
807 4371 986 4435 conibentem
1005 4372 1072 4435 lolii
1091 4393 1144 4434 ar·
