2864 5004
272 407 348 479 tso
614 386 618 394 ’
641 421 985 493 unnnnnnonus

272 575 534 656 consanguinitatis
553 577 649 655 grndu
668 576 705 636 sb
724 564 865 659 Ephraim
880 586 965 657 patre
979 576 1028 636 vel
1044 593 1101 637 svo
1119 572 1346 634 descendentes?

271 659 320 718 Nil
340 681 386 720 sne
405 662 495 739 inagis
513 660 565 720 hic
585 672 735 738 moestus,
756 663 829 741 quin
854 661 962 721 Arniud
978 680 1070 739 aeque
1092 640 1186 718 lidum
1204 659 1347 737 hiphssirs,

271 745 321 803 vel
335 745 419 805 lleria
433 746 615 824 praedicem
637 766 724 826 quam
739 756 772 807 ut
784 746 909 807 eundem
924 745 1034 805 Amiud
1054 743 1151 804 lilium
1170 743 1291 803 usum
1310 750 1346 801 te

272 847 374 904 neam,
395 830 494 909 aliqua
515 851 562 889 nse
581 831 739 891 verborum
756 832 881 891 istorum
903 829 1068 890 authoritas
1088 836 1216 888 moseat.
1258 826 1347 886 luter·

272 932 340 992 pres
365 914 484 993 quidem
501 915 622 975 Latinus
643 914 745 975 'llsaon
765 916 860 976 lilium
878 915 986 990 'l'hsle,
1006 914 1124 973 Lasdsn
1141 912 1241 972 lilium
1254 909 1347 970 tuan

271 1016 399 1058 sumere
417 998 553 1059 videtur:
583 1001 714 1061 Graecus
733 1002 783 1060 vel
803 1000 952 1060 Hebraeus
965 1008 1065 1059 textus
1079 998 1117 1057 ad
1132 997 1212 1057 idem
1228 995 1347 1055 sentim

272 1080 402 1141 dumnil
418 1082 505 1162 cogit.
547 1082 707 1144 Veritatem
723 1095 911 1164 assequetur,
933 1083 983 1163 qui
994 1083 1039 1143 nil
1053 1082 1203 1141 discernet
1215 1099 1255 1138 ex
1270 1097 1348 1160 pras·

272 1142 414 1228 iudhssto.
457 1167 574 1228 Atenisn
589 1169 613 1228 si
628 1169 822 1229 reverentiam
832 1190 848 1228 a
859 1188 904 1226 me
917 1177 1029 1226 tsutsas
1042 1166 1140 1245 exigat
1151 1162 1277 1224 tarmes
1289 1181 1348 1222 sss·

272 1249 350 1308 sioni
372 1251 573 1328 deserendum,
594 1262 628 1313 ut
649 1262 757 1313 cuncta
776 1252 838 1312 eius
857 1251 947 1312 verhs
961 1256 1052 1332 prout
1064 1251 1098 1309 iss
1112 1250 1227 1310 cortice
1240 1254 1347 1322 sousnt,

238 1368 246 1387 .
269 1342 299 1392 ct
313 1335 487 1395 coutentium
502 1335 615 1413 iuvant,
634 1337 823 1396 accommode
838 1335 1015 1416 applicanda
1034 1334 1157 1415 gestiat,
1179 1331 1261 1392 circs
1281 1330 1348 1392 hsot

270 1417 309 1474 ad
322 1418 480 1479 absus-dum
495 1439 555 1479 non
570 1419 713 1480 dissimile
724 1421 851 1480 ductura
867 1439 929 1479 non
944 1418 1113 1481 inferiorem
1133 1418 1249 1478 cultum
1264 1435 1347 1495 expo-

270 1501 362 1561 stulo.
399 1504 476 1560 Sunt
489 1520 523 1561 ss
535 1504 642 1582 capitis
655 1503 784 1561 eiusdem
797 1502 888 1581 primi
903 1503 1028 1580 l‘sralip.
1046 1523 1077 1564 ν.
1092 1507 1144 1567 20.
1166 1498 1244 1558 Fun
1256 1511 1348 1559 uum

271 1587 337 1641 sius
359 1584 507 1659 Suthule,
529 1584 745 1662 Bnredss'ls'ue
767 1588 848 1661 eius,
876 1584 1014 1643 llsalsusls
1025 1584 1126 1660 solius
1146 1582 1349 1661 uns,ts'1udo

263 1669 361 1744 filins
377 1671 460 1744 eiius,
488 1669 732 1746 'lhalsutlefilius
747 1671 828 1742 sins,
850 1668 947 1726 huius
951 1669 1050 1744 filisu
1069 1664 1196 1745 ulad,
1216 1676 1244 1726 st
1260 1667 1349 1724 lessius

263 1754 360 1829 filim
381 1752 529 1827 Stridula,
550 1763 577 1811 et
599 1753 692 1812 natm
704 1753 806 1830 silius
825 1748 900 1811 lim·
915 1764 943 1808 et
958 1749 1055 1812 Elad.
1097 1751 1161 1811 Hos
1176 1754 1266 1812 sersus
1285 1769 1348 1811 osu·

269 1846 351 1909 ctos,
372 1836 409 1895 sh
423 1834 565 1916 Ephesius
579 1846 665 1917 putre
680 1837 786 1896 frotres
799 1834 880 1895 haud
895 1835 1007 1915 impure
1026 1834 1121 1913 gradu
1139 1834 1299 1913 distantes,
1316 1853 1347 1892 ac

268 1919 352 2000 qussi
368 1920 532 1980 multifidos
547 1939 586 1980 ex
602 1941 662 1981 smo
684 1921 767 1981 sonte
782 1919 864 1980 rivos
879 1919 1092 2000 procedentes,
1111 1919 1284 1979 asserendos
1301 1936 1347 1976 su·

267 2024 375 2082 guros3
396 2025 434 2064 nc
447 2005 541 2065 silium
557 2001 665 2084 Ioseph
679 2003 820 2086 Ephraim
839 2014 952 2085 putrem
971 2013 1066 2063 setste
1088 2011 1244 2084 superesse
1265 2000 1346 2063 suet

268 2109 424 2168 cogemur,
448 2091 500 2168 qui
523 2108 590 2150 cum
617 2089 748 2150 saliorum
768 2088 887 2148 tertiam
907 2087 1054 2148 duntaxat
1074 2088 1186 2149 viderit
1208 2088 1346 2148 meceni-

267 2194 335 2232 vans
353 2175 482 2253 prolem,
501 2174 552 2233 itte
565 2194 675 2233 nonme
686 2173 831 2252 attigisse,
855 2182 885 2231 et
898 2174 960 2234 eius
972 2173 1061 2232 aetati
1078 2192 1222 2233 cossvuru
1236 2183 1346 2252 tempus

268 2257 389 2316 duxisse
403 2256 659 2338 deprehendatur:
679 2260 747 2339 pari
761 2276 831 2316 sanc
844 2257 959 2317 ratione
980 2257 1054 2316 alios
1076 2256 1252 2337 praeposito
1269 2264 1346 2315 testu
1415 2324 1416 2339 ,

268 2343 408 2416 obiectos,
427 2342 508 2402 haud
520 2343 560 2402 ita
575 2342 654 2402 lilios
666 2363 683 2400 a
697 2342 832 2422 putribus
848 2341 954 2401 ordine
969 2351 1162 2401 cosrcstcnnto
1174 2360 1345 2422 progressoq

266 2445 357 2503 quam
372 2428 476 2486 srstrcs
494 2427 530 2484 ab
545 2427 648 2487 coelom
664 2428 754 2486 ferme
770 2436 854 2506 petro
873 2438 955 2485 ortos
968 2445 1122 2486 necessum
1140 2437 1187 2486 cst
1198 2428 1345 2485 altum

266 2510 320 2567 Sin
335 2519 370 2569 ut
392 2511 477 2570 lictos
497 2511 676 2570 israeliticos
689 2512 721 2571 in
732 2512 866 2590 Aegypto
882 2511 1121 2571 commorationis
1134 2521 1163 2570 et
1179 2512 1266 2589 louge
1278 2528 1344 2591 pso-

265 2592 388 2654 lixiores
409 2596 545 2654 ducentis
567 2604 597 2655 et
615 2596 785 2674 quindecim
807 2615 901 2654 ssrnos
916 2616 1074 2675 ponssnus,
1095 2596 1170 2654 elios
1184 2616 1274 2675 super
1287 2594 1344 2652 aliis

266 2687 298 2736 et
317 2679 451 2757 petrihus
471 2679 548 2738 filios
562 2679 650 2758 longo
670 2681 745 2739 serie
767 2678 958 2738 succedentes
977 2699 1016 2738 ex
1035 2699 1095 2737 uno
1112 2678 1253 2759 Ephraim
1273 2679 1345 2738 trihu

265 2762 479 2842 producimust
501 2783 557 2822 cur
569 2774 640 2843 post
650 2765 774 2822 aliorum
790 2764 923 2822 tribuum
936 2764 1031 2843 capita
1048 2762 1151 2822 llnhen
1163 2764 1235 2823 Lori
1247 2760 1343 2842 loseph

265 2854 324 2905 etc.
345 2848 446 2926 plures
463 2868 498 2905 sc
514 2849 615 2927 plures
629 2867 731 2908 eoruns
743 2855 880 2926 posteros
895 2847 961 2928 pari
973 2848 1077 2907 ordine
1090 2849 1281 2908 saturione»
1294 2868 1344 2927 op-

264 2929 363 3009 posita
384 2931 527 2990 sententis
548 2951 612 2991 non
632 2930 784 2992 ostentst'l
813 2931 985 3005 Quinimmo
1008 2933 1073 3012 ipso
1094 2933 1168 2992 ssusi
1187 2932 1344 3010 veterisque

266 3013 392 3073 foederis
407 3016 575 3073 testimonio
587 3025 718 3093 posteros
727 3015 817 3075 ludos
834 3014 1019 3076 l‘strisschse
1032 3037 1071 3076 ex
1083 3017 1185 3076 eodem
1200 3038 1270 3077 cuns
1280 3015 1344 3075 tesi

263 3097 447 3177 reliquisque
462 3108 547 3178 patro
561 3099 636 3172 orti,
651 3098 704 3156 ubi
718 3099 887 3178 diligentius
901 3100 1097 3161 observantur
1115 3111 1145 3160 st
1161 3111 1343 3174 recssusotsr

265 3184 446 3257 accuratim,
465 3182 595 3243 nonnisi
610 3202 670 3241 uno
683 3182 732 3241 sel
747 3183 839 3242 altero
852 3184 957 3263 ospits,
971 3206 1006 3244 eo
1018 3186 1125 3264 spatio,
1138 3186 1176 3245 de
1189 3207 1249 3265 quo
1261 3186 1342 3245 iusti-

264 3275 350 3326 tutus
360 3287 472 3342 sermo,
491 3268 561 3327 Levi
574 3275 699 3347 nepotes
711 3286 851 3345 superam
865 3267 951 3326 facile
964 3270 1133 3348 prohemus.
1178 3268 1287 3344 lesdas,
1303 3268 1343 3326 io·

263 3350 347 3430 quit,
365 3354 473 3431 gennit
486 3353 617 3425 Pham,
631 3352 748 3410 Pharos
764 3363 867 3408 (sistens
878 3356 984 3430 genuit
997 3355 1115 3425 Esron,
1134 3357 1233 3415 Eiron
1250 3364 1342 3412 uesta

261 3440 367 3513 gonsal
382 3435 491 3513 Arum,
510 3436 724 3495 Ammontem
736 3440 843 3512 genuit
854 3435 1041 3515 Ansinesdnb,
1061 3438 1239 3497 Amissodab
1250 3450 1343 3497 auten

260 3521 370 3598 genesis
387 3521 549 3579 Nncssson:
569 3519 620 3580 hic
633 3532 730 3580 eutem
744 3519 818 3580 hlosi
833 3531 1024 3598 coaetaneus,
1046 3531 1078 3584 st
1097 3522 1215 3583 insessis
1230 3523 1342 3602 quiden

264 3622 335 3662 curn
350 3602 445 3663 Moses
465 3603 503 3662 ad
517 3606 707 3665 nuturiorem
720 3604 780 3671 inus
795 3614 953 3685 provectos
976 3615 1051 3664 esset
1070 3616 1205 3666 setsteus.
1248 3608 1342 3668 l'lssss

265 3706 357 3767 porro
375 3687 406 3746 in
423 3686 481 3746 hsc
496 3687 583 3748 ludae
595 3689 706 3766 stirpe,
728 3706 818 3765 quarn
838 3686 869 3744 in
886 3687 979 3747 alters
994 3689 1064 3749 Losi
1079 3689 1106 3749 si
1121 3709 1272 3768 numeres,
1290 3691 1341 3751 oh·

262 3780 341 3831 stsre
354 3791 413 3830 non
425 3770 578 3847 censebis,
600 3770 673 3850 quin
688 3770 766 3829 idem
788 3771 929 3849 temporis
942 3773 1071 3853 spstiuus
1090 3784 1251 3857 uls-susque
1263 3795 1341 3836 oon-

262 3855 404 3916 metistur
414 3856 637 3933 successionem,
655 3874 724 3915 cuns
740 3854 834 3914 serius
844 3856 945 3916 sonan
958 3859 1079 3939 nuptias
1092 3859 1205 3923 inirent
1217 3862 1339 3932 unus.

263 3939 312 3999 sel
326 3949 420 4000 octsto
433 3940 494 3999 ism
509 3941 675 4019 pondseva
691 3938 807 4018 prolem
817 3941 999 4021 suscepisse,
1019 3952 1050 4002 et
1064 3944 1169 4005 hloseu
1184 3946 1244 4005 isos
1261 3954 1340 4005 octo·

262 4023 416 4100 genesium
429 4024 597 4084 ducendum
612 4024 757 4105 populum
773 4024 804 4083 in
819 4043 850 4084 se
865 4026 1011 4105 recepisse
1031 4038 1156 4093 constet.
1198 4033 1293 4104 Qum
1306 4028 1340 4087 ds

261 4106 325 4166 lohi
344 4108 470 4189 posteris
486 4110 613 4189 opponit
626 4107 831 4169 difficultstem
845 4109 1052 4172 Genchrssdus
1071 4114 1239 4190 somniem,
1258 4112 1340 4173 hals

262 4190 343 4272 spud
357 4192 476 4271 uigilem
497 4193 726 4273 expositionem:
755 4192 885 4270 reliquas
899 4193 1015 4256 duthor
1031 4196 1063 4255 in
1079 4201 1268 4278 sequentihus
1289 4215 1338 4256 ex·

260 4274 361 4335 solvit.
402 4276 545 4337 Nonnihil
568 4279 687 4337 tsndesu
705 4274 832 4338 obmutit
847 4277 976 4358 Scaliger
992 4300 1058 4361 psg.
1079 4283 1150 4344 Not.
1172 4292 1221 4352 17.
1260 4282 1338 4340 llaec

261 4362 482 4440 interpretatio,
504 4362 625 4439 scribit,
646 4383 706 4423 non
732 4360 982 4425 demossstruts'ons
1003 4370 1131 4448 nititur,
1159 4366 1214 4429 snt
1232 4364 1337 4429 wldo-
