<?xml version="1.0" encoding="UTF-8"?>
<!DOCTYPE html PUBLIC "-//W3C//DTD XHTML 1.0 Transitional//EN"
    "http://www.w3.org/TR/xhtml1/DTD/xhtml1-transitional.dtd">
<html xmlns="http://www.w3.org/1999/xhtml" xml:lang="en" lang="en">
 <head>
  <title>
</title>
<meta http-equiv="Content-Type" content="text/html;charset=utf-8" />
  <meta name='ocr-system' content='tesseract 3.04.00' />
  <meta name='ocr-capabilities' content='ocr_page ocr_carea ocr_par ocr_line ocrx_word'/>
</head>
<body>
  <div class='ocr_page' id='page_1' title='image "./corpusscriptoru10berlgoog_0564.png"; bbox 0 0 2888 5002; ppageno 0'>
   <div class='ocr_carea' id='block_1_1' title="bbox 444 408 1206 490">
    <p class='ocr_par' dir='ltr' id='par_1_1' title="bbox 444 408 1206 490">
     <span class='ocr_line' id='line_1_1' title="bbox 444 408 1206 490; baseline -0.009 0"><span class='ocrx_word' id='word_1_1' title='bbox 444 420 505 490; x_wconf 86' lang='lat' dir='ltr'>ET</span> <span class='ocrx_word' id='word_1_2' title='bbox 525 417 875 490; x_wconf 72' lang='lat' dir='ltr'>Annorsrtonus.</span> <span class='ocrx_word' id='word_1_3' title='bbox 1127 408 1206 484; x_wconf 20' lang='lat'>539*</span> 
     </span>
    </p>
   </div>
   <div class='ocr_carea' id='block_1_2' title="bbox 113 574 1300 1931">
    <p class='ocr_par' dir='ltr' id='par_1_2' title="bbox 113 574 1300 1931">
     <span class='ocr_line' id='line_1_2' title="bbox 119 574 1204 660; baseline -0.002 -20"><span class='ocrx_word' id='word_1_4' title='bbox 119 580 212 649; x_wconf 77' lang='lat'>6472</span> <span class='ocrx_word' id='word_1_5' title='bbox 225 602 243 639; x_wconf 91' lang='lat' dir='ltr'>n</span> <span class='ocrx_word' id='word_1_6' title='bbox 255 598 317 660; x_wconf 86' lang='lat' dir='ltr'>qao</span> <span class='ocrx_word' id='word_1_7' title='bbox 329 575 368 639; x_wconf 89' lang='lat' dir='ltr'>sd</span> <span class='ocrx_word' id='word_1_8' title='bbox 383 575 476 645; x_wconf 78' lang='lat'><strong>6⁵14.</strong></span> <span class='ocrx_word' id='word_1_9' title='bbox 495 595 556 658; x_wconf 86' lang='lat' dir='ltr'>quo</span> <span class='ocrx_word' id='word_1_10' title='bbox 575 576 731 637; x_wconf 78' lang='lat' dir='ltr'>defunctus</span> <span class='ocrx_word' id='word_1_11' title='bbox 745 584 805 652; x_wconf 87' lang='lat' dir='ltr'>est,</span> <span class='ocrx_word' id='word_1_12' title='bbox 828 575 879 634; x_wconf 87' lang='lat' dir='ltr'>otii</span> <span class='ocrx_word' id='word_1_13' title='bbox 891 574 942 642; x_wconf 79' lang='grc'><strong>43.</strong></span> <span class='ocrx_word' id='word_1_14' title='bbox 954 583 1106 657; x_wconf 84' lang='lat' dir='ltr'>putantur.</span> <span class='ocrx_word' id='word_1_15' title='bbox 1148 576 1204 638; x_wconf 90' lang='lat' dir='ltr'>llis</span> 
     </span>
     <span class='ocr_line' id='line_1_3' title="bbox 119 660 1204 745; baseline -0.004 -19"><span class='ocrx_word' id='word_1_16' title='bbox 119 664 275 744; x_wconf 80' lang='lat' dir='ltr'>aGeorgio</span> <span class='ocrx_word' id='word_1_17' title='bbox 294 663 413 745; x_wconf 89' lang='lat' dir='ltr'>scriptis</span> <span class='ocrx_word' id='word_1_18' title='bbox 427 663 464 723; x_wconf 90' lang='lat' dir='ltr'>dc</span> <span class='ocrx_word' id='word_1_19' title='bbox 477 661 603 742; x_wconf 75' lang='lat' dir='ltr'>Augusti</span> <span class='ocrx_word' id='word_1_20' title='bbox 617 661 650 721; x_wconf 89' lang='lat' dir='ltr'>in</span> <span class='ocrx_word' id='word_1_21' title='bbox 665 661 831 722; x_wconf 76' lang='lat' dir='ltr'>Antonium</span> <span class='ocrx_word' id='word_1_22' title='bbox 845 660 973 720; x_wconf 81' lang='lat' dir='ltr'>rictas-ia</span> <span class='ocrx_word' id='word_1_23' title='bbox 995 661 1128 722; x_wconf 82' lang='lat' dir='ltr'>Africani</span> <span class='ocrx_word' id='word_1_24' title='bbox 1142 682 1204 722; x_wconf 89' lang='lat' dir='ltr'>na-</span> 
     </span>
     <span class='ocr_line' id='line_1_4' title="bbox 117 745 1205 830; baseline -0.005 -20"><span class='ocrx_word' id='word_1_25' title='bbox 117 769 221 810; x_wconf 84' lang='lat' dir='ltr'>meros</span> <span class='ocrx_word' id='word_1_26' title='bbox 231 749 339 830; x_wconf 85' lang='lat' dir='ltr'>probet</span> <span class='ocrx_word' id='word_1_27' title='bbox 352 767 471 809; x_wconf 85' lang='lat' dir='ltr'>necesse</span> <span class='ocrx_word' id='word_1_28' title='bbox 482 756 541 807; x_wconf 82' lang='lat' dir='ltr'>ests</span> <span class='ocrx_word' id='word_1_29' title='bbox 560 745 643 807; x_wconf 88' lang='lat' dir='ltr'>bunc</span> <span class='ocrx_word' id='word_1_30' title='bbox 661 746 800 807; x_wconf 86' lang='lat' dir='ltr'>nimirum</span> <span class='ocrx_word' id='word_1_31' title='bbox 817 766 898 804; x_wconf 90' lang='lat' dir='ltr'>anno</span> <span class='ocrx_word' id='word_1_32' title='bbox 913 746 1011 810; x_wconf 71' lang='lat'><strong>5472·</strong></span> <span class='ocrx_word' id='word_1_33' title='bbox 1026 756 1205 827; x_wconf 84' lang='lat' dir='ltr'>suparatum,</span> 
     </span>
     <span class='ocr_line' id='line_1_5' title="bbox 117 830 1204 911; baseline -0.002 -17"><span class='ocrx_word' id='word_1_34' title='bbox 117 843 188 894; x_wconf 83' lang='lat' dir='ltr'>ants</span> <span class='ocrx_word' id='word_1_35' title='bbox 201 833 314 895; x_wconf 80' lang='lat' dir='ltr'>Christi</span> <span class='ocrx_word' id='word_1_36' title='bbox 327 833 455 894; x_wconf 85' lang='lat' dir='ltr'>notslem</span> <span class='ocrx_word' id='word_1_37' title='bbox 466 831 552 892; x_wconf 89' lang='lat' dir='ltr'>annis</span> <span class='ocrx_word' id='word_1_38' title='bbox 569 835 619 899; x_wconf 75' lang='grc'>23</span> <span class='ocrx_word' id='word_1_39' title='bbox 633 830 727 911; x_wconf 87' lang='lat' dir='ltr'>ipsius</span> <span class='ocrx_word' id='word_1_40' title='bbox 742 832 868 909; x_wconf 75' lang='lat' dir='ltr'>dugrnti</span> <span class='ocrx_word' id='word_1_41' title='bbox 883 850 960 889; x_wconf 92' lang='lat' dir='ltr'>anno</span> <span class='ocrx_word' id='word_1_42' title='bbox 976 831 1026 895; x_wconf 80' lang='grc'><strong>14.</strong></span> <span class='ocrx_word' id='word_1_43' title='bbox 1042 831 1068 887; x_wconf 91' lang='lat' dir='ltr'>si</span> <span class='ocrx_word' id='word_1_44' title='bbox 1081 852 1099 889; x_wconf 85' lang='grc' dir='ltr'><strong><em>α</em></strong></span> <span class='ocrx_word' id='word_1_45' title='bbox 1111 832 1204 899; x_wconf 76' lang='grc'><strong>5459.</strong></span> 
     </span>
     <span class='ocr_line' id='line_1_6' title="bbox 116 914 1205 999; baseline -0.003 -19"><span class='ocrx_word' id='word_1_46' title='bbox 116 918 278 999; x_wconf 82' lang='lat' dir='ltr'>imperinm</span> <span class='ocrx_word' id='word_1_47' title='bbox 302 918 477 994; x_wconf 83' lang='lat' dir='ltr'>emetiatur,</span> <span class='ocrx_word' id='word_1_48' title='bbox 499 917 549 977; x_wconf 81' lang='lat' dir='ltr'>rel</span> <span class='ocrx_word' id='word_1_49' title='bbox 563 915 679 976; x_wconf 85' lang='lat' dir='ltr'>decimo</span> <span class='ocrx_word' id='word_1_50' title='bbox 699 915 823 996; x_wconf 88' lang='lat' dir='ltr'>quinto,</span> <span class='ocrx_word' id='word_1_51' title='bbox 847 915 875 974; x_wconf 88' lang='lat' dir='ltr'>si</span> <span class='ocrx_word' id='word_1_52' title='bbox 887 936 903 974; x_wconf 92' lang='lat' dir='ltr'>s</span> <span class='ocrx_word' id='word_1_53' title='bbox 917 914 1009 981; x_wconf 82' lang='grc'><strong>5458.</strong></span> <span class='ocrx_word' id='word_1_54' title='bbox 1021 933 1145 993; x_wconf 81' lang='lat' dir='ltr'>regnare</span> <span class='ocrx_word' id='word_1_55' title='bbox 1158 936 1205 977; x_wconf 90' lang='lat' dir='ltr'>cs-</span> 
     </span>
     <span class='ocr_line' id='line_1_7' title="bbox 116 1001 1300 1084; baseline -0.006 -21"><span class='ocrx_word' id='word_1_56' title='bbox 116 1003 197 1084; x_wconf 90' lang='lat' dir='ltr'>pisse</span> <span class='ocrx_word' id='word_1_57' title='bbox 214 1011 340 1080; x_wconf 87' lang='lat' dir='ltr'>statuat,</span> <span class='ocrx_word' id='word_1_58' title='bbox 361 1021 398 1061; x_wconf 88' lang='lat' dir='ltr'>ac</span> <span class='ocrx_word' id='word_1_59' title='bbox 418 1001 539 1060; x_wconf 88' lang='lat' dir='ltr'>tandem</span> <span class='ocrx_word' id='word_1_60' title='bbox 561 1009 630 1060; x_wconf 85' lang='lat' dir='ltr'>ants</span> <span class='ocrx_word' id='word_1_61' title='bbox 647 1001 743 1081; x_wconf 88' lang='lat' dir='ltr'>ipsius</span> <span class='ocrx_word' id='word_1_62' title='bbox 763 1001 890 1078; x_wconf 76' lang='lat' dir='ltr'><strong>Augusti</strong></span> <span class='ocrx_word' id='word_1_63' title='bbox 911 1008 1037 1059; x_wconf 86' lang='lat' dir='ltr'>mortem</span> <span class='ocrx_word' id='word_1_64' title='bbox 1053 1019 1131 1058; x_wconf 90' lang='lat' dir='ltr'>anno</span> <span class='ocrx_word' id='word_1_65' title='bbox 1151 1002 1248 1067; x_wconf 65' lang='grc'><strong>4341.</strong></span> <span class='ocrx_word' id='word_1_66' title='bbox 1264 1003 1300 1056; x_wconf 82' lang='grc'>80</span> 
     </span>
     <span class='ocr_line' id='line_1_8' title="bbox 115 1082 1207 1169; baseline -0.005 -19"><span class='ocrx_word' id='word_1_67' title='bbox 115 1087 187 1166; x_wconf 75' lang='lat' dir='ltr'>tiis,</span> <span class='ocrx_word' id='word_1_68' title='bbox 209 1088 350 1169; x_wconf 88' lang='lat' dir='ltr'>inqnsm,</span> <span class='ocrx_word' id='word_1_69' title='bbox 368 1086 416 1146; x_wconf 47' lang='lat' dir='ltr'>ita&lt;</span> <span class='ocrx_word' id='word_1_70' title='bbox 425 1085 550 1167; x_wconf 89' lang='lat' dir='ltr'>positis,</span> <span class='ocrx_word' id='word_1_71' title='bbox 571 1105 629 1165; x_wconf 81' lang='lat' dir='ltr'>qun</span> <span class='ocrx_word' id='word_1_72' title='bbox 641 1085 758 1147; x_wconf 89' lang='lat' dir='ltr'>ratione</span> <span class='ocrx_word' id='word_1_73' title='bbox 774 1107 790 1145; x_wconf 91' lang='lat' dir='ltr'>a</span> <span class='ocrx_word' id='word_1_74' title='bbox 805 1085 910 1145; x_wconf 86' lang='lat' dir='ltr'>mortis</span> <span class='ocrx_word' id='word_1_75' title='bbox 923 1083 1086 1144; x_wconf 73' lang='lat' dir='ltr'>Alexandri</span> <span class='ocrx_word' id='word_1_76' title='bbox 1098 1082 1207 1163; x_wconf 78' lang='lat' dir='ltr'>Tlsotb,</span> 
     </span>
     <span class='ocr_line' id='line_1_9' title="bbox 116 1165 1207 1252; baseline 0.002 -19"><span class='ocrx_word' id='word_1_77' title='bbox 116 1193 212 1233; x_wconf 85' lang='lat' dir='ltr'>annos</span> <span class='ocrx_word' id='word_1_78' title='bbox 231 1165 419 1234; x_wconf 86' lang='lat' dir='ltr'>solummodo</span> <span class='ocrx_word' id='word_1_79' title='bbox 437 1170 627 1252; x_wconf 74' lang='grc' dir='ltr'>τριακοσίους</span> <span class='ocrx_word' id='word_1_80' title='bbox 643 1171 730 1235; x_wconf 79' lang='lat' dir='ltr'>ducis</span> <span class='ocrx_word' id='word_1_81' title='bbox 751 1169 888 1246; x_wconf 71' lang='grc' dir='ltr'><strong><em>δέοντας,</em></strong></span> <span class='ocrx_word' id='word_1_82' title='bbox 909 1178 1001 1250; x_wconf 84' lang='lat' dir='ltr'>prout</span> <span class='ocrx_word' id='word_1_83' title='bbox 1022 1167 1207 1235; x_wconf 62' lang='grc'>1114114414-</span> 
     </span>
     <span class='ocr_line' id='line_1_10' title="bbox 115 1246 1207 1339; baseline -0.003 -21"><span class='ocrx_word' id='word_1_84' title='bbox 115 1278 212 1319; x_wconf 85' lang='lat' dir='ltr'>osnus</span> <span class='ocrx_word' id='word_1_85' title='bbox 227 1277 293 1339; x_wconf 79' lang='lat' dir='ltr'>pag.</span> <span class='ocrx_word' id='word_1_86' title='bbox 307 1260 380 1324; x_wconf 84' lang='grc'><strong>308.</strong></span> <span class='ocrx_word' id='word_1_87' title='bbox 397 1255 431 1320; x_wconf 77' lang='lat'>(2.</span> <span class='ocrx_word' id='word_1_88' title='bbox 444 1255 494 1316; x_wconf 78' lang='lat' dir='ltr'>rel</span> <span class='ocrx_word' id='word_1_89' title='bbox 511 1254 594 1334; x_wconf 85' lang='lat' dir='ltr'>quod</span> <span class='ocrx_word' id='word_1_90' title='bbox 603 1255 637 1314; x_wconf 90' lang='lat' dir='ltr'>in</span> <span class='ocrx_word' id='word_1_91' title='bbox 647 1255 726 1316; x_wconf 89' lang='lat' dir='ltr'>idem</span> <span class='ocrx_word' id='word_1_92' title='bbox 738 1255 846 1317; x_wconf 79' lang='lat' dir='ltr'>recidit</span> <span class='ocrx_word' id='word_1_93' title='bbox 858 1250 1013 1328; x_wconf 72' lang='grc' dir='ltr'><strong><em>ἐνιαυτους</em></strong></span> <span class='ocrx_word' id='word_1_94' title='bbox 1027 1246 1099 1333; x_wconf 65' lang='grc' dir='ltr'>ὠσί.</span> <span class='ocrx_word' id='word_1_95' title='bbox 1113 1263 1207 1335; x_wconf 87' lang='lat' dir='ltr'>prout</span> 
     </span>
     <span class='ocr_line' id='line_1_11' title="bbox 115 1334 1207 1425; baseline -0.002 -24"><span class='ocrx_word' id='word_1_96' title='bbox 115 1362 184 1425; x_wconf 73' lang='lat' dir='ltr'>pap.</span> <span class='ocrx_word' id='word_1_97' title='bbox 202 1345 276 1411; x_wconf 86' lang='grc'><strong>303.</strong></span> <span class='ocrx_word' id='word_1_98' title='bbox 289 1344 322 1402; x_wconf 85' lang='lat' dir='ltr'>B.</span> <span class='ocrx_word' id='word_1_99' title='bbox 340 1341 412 1400; x_wconf 89' lang='lat' dir='ltr'>licet</span> <span class='ocrx_word' id='word_1_100' title='bbox 431 1360 470 1400; x_wconf 85' lang='lat' dir='ltr'>ex</span> <span class='ocrx_word' id='word_1_101' title='bbox 484 1339 611 1400; x_wconf 87' lang='lat' dir='ltr'>consilio</span> <span class='ocrx_word' id='word_1_102' title='bbox 631 1349 662 1400; x_wconf 91' lang='lat' dir='ltr'>et</span> <span class='ocrx_word' id='word_1_103' title='bbox 681 1342 718 1401; x_wconf 89' lang='lat' dir='ltr'>ad</span> <span class='ocrx_word' id='word_1_104' title='bbox 738 1342 800 1403; x_wconf 79' lang='lat' dir='ltr'>MS.</span> <span class='ocrx_word' id='word_1_105' title='bbox 819 1334 894 1422; x_wconf 64' lang='lat' dir='ltr'>pbn&#39;.</span> <span class='ocrx_word' id='word_1_106' title='bbox 915 1339 1127 1419; x_wconf 80' lang='lat' dir='ltr'>cxpresserims</span> <span class='ocrx_word' id='word_1_107' title='bbox 1147 1360 1207 1419; x_wconf 87' lang='lat' dir='ltr'>qua</span> 
     </span>
     <span class='ocr_line' id='line_1_12' title="bbox 115 1423 1207 1505; baseline -0.003 -15"><span class='ocrx_word' id='word_1_108' title='bbox 115 1427 234 1491; x_wconf 83' lang='lat' dir='ltr'>rstionc</span> <span class='ocrx_word' id='word_1_109' title='bbox 256 1428 366 1486; x_wconf 86' lang='lat' dir='ltr'>iterum</span> <span class='ocrx_word' id='word_1_110' title='bbox 380 1425 418 1485; x_wconf 91' lang='lat' dir='ltr'>ab</span> <span class='ocrx_word' id='word_1_111' title='bbox 437 1424 599 1486; x_wconf 76' lang='lat' dir='ltr'>Alexandri</span> <span class='ocrx_word' id='word_1_112' title='bbox 617 1435 715 1487; x_wconf 87' lang='lat' dir='ltr'>morte</span> <span class='ocrx_word' id='word_1_113' title='bbox 728 1426 767 1485; x_wconf 88' lang='lat' dir='ltr'>sd</span> <span class='ocrx_word' id='word_1_114' title='bbox 784 1426 957 1505; x_wconf 77' lang='lat' dir='ltr'>Cleopatrae</span> <span class='ocrx_word' id='word_1_115' title='bbox 976 1425 1137 1484; x_wconf 86' lang='lat' dir='ltr'>terminum</span> <span class='ocrx_word' id='word_1_116' title='bbox 1156 1423 1207 1505; x_wconf 76' lang='grc' dir='ltr'>ἔτη</span> 
     </span>
     <span class='ocr_line' id='line_1_13' title="bbox 115 1506 1209 1594; baseline -0.005 -19"><span class='ocrx_word' id='word_1_117' title='bbox 115 1506 274 1594; x_wconf 76' lang='grc' dir='ltr'><strong><em>τριακόσια</em></strong></span> <span class='ocrx_word' id='word_1_118' title='bbox 288 1510 457 1571; x_wconf 72' lang='lat' dir='ltr'><strong>numeravit</strong></span> <span class='ocrx_word' id='word_1_119' title='bbox 468 1530 534 1591; x_wconf 82' lang='lat' dir='ltr'>pag.</span> <span class='ocrx_word' id='word_1_120' title='bbox 551 1514 623 1578; x_wconf 76' lang='lat'><strong>261.</strong></span> <span class='ocrx_word' id='word_1_121' title='bbox 638 1510 674 1570; x_wconf 81' lang='lat' dir='ltr'>t.</span> <span class='ocrx_word' id='word_1_122' title='bbox 691 1520 720 1571; x_wconf 89' lang='lat' dir='ltr'>et</span> <span class='ocrx_word' id='word_1_123' title='bbox 736 1510 788 1571; x_wconf 90' lang='lat' dir='ltr'>bic</span> <span class='ocrx_word' id='word_1_124' title='bbox 802 1511 920 1570; x_wconf 88' lang='lat' dir='ltr'>tsndesn</span> <span class='ocrx_word' id='word_1_125' title='bbox 938 1508 976 1568; x_wconf 92' lang='lat' dir='ltr'>ab</span> <span class='ocrx_word' id='word_1_126' title='bbox 988 1508 1102 1590; x_wconf 86' lang='lat' dir='ltr'>epocha</span> <span class='ocrx_word' id='word_1_127' title='bbox 1116 1529 1209 1570; x_wconf 88' lang='lat' dir='ltr'>anno-</span> 
     </span>
     <span class='ocr_line' id='line_1_14' title="bbox 114 1589 1209 1676; baseline 0.001 -20"><span class='ocrx_word' id='word_1_128' title='bbox 114 1617 184 1659; x_wconf 89' lang='lat' dir='ltr'>rum</span> <span class='ocrx_word' id='word_1_129' title='bbox 195 1599 290 1663; x_wconf 82' lang='lat'>⁶170.</span> <span class='ocrx_word' id='word_1_130' title='bbox 301 1594 340 1656; x_wconf 89' lang='lat' dir='ltr'>ad</span> <span class='ocrx_word' id='word_1_131' title='bbox 356 1596 450 1662; x_wconf 70' lang='lat'>6472</span> <span class='ocrx_word' id='word_1_132' title='bbox 471 1594 649 1674; x_wconf 75' lang='lat' dir='ltr'>Lsgidaruna</span> <span class='ocrx_word' id='word_1_133' title='bbox 667 1615 761 1656; x_wconf 87' lang='lat' dir='ltr'>annos</span> <span class='ocrx_word' id='word_1_134' title='bbox 775 1596 964 1676; x_wconf 66' lang='grc' dir='ltr'><strong><em>τριακοσίους</em></strong></span> <span class='ocrx_word' id='word_1_135' title='bbox 979 1595 1066 1658; x_wconf 71' lang='grc' dir='ltr'><strong><em>δυοῖν</em></strong></span> <span class='ocrx_word' id='word_1_136' title='bbox 1079 1589 1209 1658; x_wconf 75' lang='grc' dir='ltr'><strong><em>πλεονά-</em></strong></span> 
     </span>
     <span class='ocr_line' id='line_1_15' title="bbox 116 1678 1208 1762; baseline -0.005 -18"><span class='ocrx_word' id='word_1_137' title='bbox 116 1685 225 1757; x_wconf 67' lang='grc' dir='ltr'><strong><em>ζοντος</em></strong></span> <span class='ocrx_word' id='word_1_138' title='bbox 240 1700 391 1741; x_wconf 84' lang='lat' dir='ltr'>recensere</span> <span class='ocrx_word' id='word_1_139' title='bbox 410 1700 474 1740; x_wconf 89' lang='lat' dir='ltr'>non</span> <span class='ocrx_word' id='word_1_140' title='bbox 500 1690 654 1756; x_wconf 60' lang='lat' dir='ltr'>versutum</span> <span class='ocrx_word' id='word_1_141' title='bbox 686 1681 751 1762; x_wconf 89' lang='lat' dir='ltr'>ipss</span> <span class='ocrx_word' id='word_1_142' title='bbox 780 1680 923 1758; x_wconf 73' lang='lat' dir='ltr'><strong>Georgius</strong></span> <span class='ocrx_word' id='word_1_143' title='bbox 951 1678 1012 1739; x_wconf 88' lang='lat' dir='ltr'>buc</span> <span class='ocrx_word' id='word_1_144' title='bbox 1037 1679 1208 1756; x_wconf 68' lang='lat' dir='ltr'>arcessitus,</span> 
     </span>
     <span class='ocr_line' id='line_1_16' title="bbox 113 1763 1208 1846; baseline -0.005 -19"><span class='ocrx_word' id='word_1_145' title='bbox 113 1785 195 1841; x_wconf 82' lang='lat' dir='ltr'>scor,</span> <span class='ocrx_word' id='word_1_146' title='bbox 207 1785 269 1825; x_wconf 90' lang='lat' dir='ltr'>non</span> <span class='ocrx_word' id='word_1_147' title='bbox 278 1765 460 1846; x_wconf 74' lang='lat' dir='ltr'>explanabit,</span> <span class='ocrx_word' id='word_1_148' title='bbox 477 1764 584 1840; x_wconf 75' lang='lat' dir='ltr'>Oreine,</span> <span class='ocrx_word' id='word_1_149' title='bbox 599 1766 642 1824; x_wconf 90' lang='lat' dir='ltr'>ait</span> <span class='ocrx_word' id='word_1_150' title='bbox 653 1765 792 1828; x_wconf 79' lang='lat' dir='ltr'>Petarius</span> <span class='ocrx_word' id='word_1_151' title='bbox 804 1763 939 1826; x_wconf 70' lang='lat' dir='ltr'>lactarii</span> <span class='ocrx_word' id='word_1_152' title='bbox 950 1763 1002 1829; x_wconf 83' lang='lat' dir='ltr'>lib.</span> <span class='ocrx_word' id='word_1_153' title='bbox 1017 1768 1048 1833; x_wconf 85' lang='grc'><strong>8.</strong></span> <span class='ocrx_word' id='word_1_154' title='bbox 1062 1765 1208 1846; x_wconf 78' lang='lat' dir='ltr'>psg.304.</span> 
     </span>
     <span class='ocr_line' id='line_1_17' title="bbox 115 1850 596 1931; baseline 0.002 -21"><span class='ocrx_word' id='word_1_155' title='bbox 115 1853 151 1910; x_wconf 82' lang='lat' dir='ltr'>s&#39;rs</span> <span class='ocrx_word' id='word_1_156' title='bbox 163 1850 224 1910; x_wconf 82' lang='lat' dir='ltr'>lanc</span> <span class='ocrx_word' id='word_1_157' title='bbox 240 1852 364 1931; x_wconf 68' lang='lat' dir='ltr'>infinito</span> <span class='ocrx_word' id='word_1_158' title='bbox 370 1861 499 1929; x_wconf 79' lang='lat' dir='ltr'>peccato</span> <span class='ocrx_word' id='word_1_159' title='bbox 514 1860 596 1913; x_wconf 82' lang='lat' dir='ltr'>sunt.</span> 
     </span>
    </p>
   </div>
   <div class='ocr_carea' id='block_1_3' title="bbox 114 1946 1304 3590">
    <p class='ocr_par' dir='ltr' id='par_1_3' title="bbox 114 1946 1304 2287">
     <span class='ocr_line' id='line_1_18' title="bbox 203 1946 1210 2039; baseline -0.007 -26"><span class='ocrx_word' id='word_1_160' title='bbox 203 1947 329 2026; x_wconf 66' lang='grc' dir='ltr'><strong><em>Μεταξῦ</em></strong></span> <span class='ocrx_word' id='word_1_161' title='bbox 347 1955 404 2015; x_wconf 81' lang='lat' dir='ltr'>sori</span> <span class='ocrx_word' id='word_1_162' title='bbox 418 1946 514 2039; x_wconf 61' lang='lat' dir='ltr'>pond.</span> <span class='ocrx_word' id='word_1_163' title='bbox 528 1949 581 2014; x_wconf 77' lang='lat' dir='ltr'>eal</span> <span class='ocrx_word' id='word_1_164' title='bbox 594 1953 652 2014; x_wconf 79' lang='lat' dir='ltr'>rosi</span> <span class='ocrx_word' id='word_1_165' title='bbox 660 1946 765 2036; x_wconf 53' lang='grc' dir='ltr'><strong><em>ῥοιά]</em></strong></span> <span class='ocrx_word' id='word_1_166' title='bbox 786 1950 854 2013; x_wconf 85' lang='lat' dir='ltr'>Hoc</span> <span class='ocrx_word' id='word_1_167' title='bbox 867 1960 911 2012; x_wconf 91' lang='lat' dir='ltr'>sst</span> <span class='ocrx_word' id='word_1_168' title='bbox 926 1950 1052 2010; x_wconf 90' lang='lat' dir='ltr'>obeantc</span> <span class='ocrx_word' id='word_1_169' title='bbox 1068 1947 1161 2015; x_wconf 80' lang='lat'>5514.</span> <span class='ocrx_word' id='word_1_170' title='bbox 1179 1954 1210 2007; x_wconf 85' lang='lat' dir='ltr'>ct</span> 
     </span>
     <span class='ocr_line' id='line_1_19' title="bbox 114 2034 1209 2117; baseline -0.006 -21"><span class='ocrx_word' id='word_1_171' title='bbox 114 2034 239 2096; x_wconf 77' lang='lat' dir='ltr'>ineunte</span> <span class='ocrx_word' id='word_1_172' title='bbox 246 2036 339 2103; x_wconf 83' lang='grc'><strong>5515.</strong></span> <span class='ocrx_word' id='word_1_173' title='bbox 352 2055 411 2116; x_wconf 85' lang='lat' dir='ltr'>quo</span> <span class='ocrx_word' id='word_1_174' title='bbox 426 2037 544 2117; x_wconf 87' lang='lat' dir='ltr'>imperii</span> <span class='ocrx_word' id='word_1_175' title='bbox 552 2036 636 2095; x_wconf 88' lang='lat' dir='ltr'>nnnis</span> <span class='ocrx_word' id='word_1_176' title='bbox 653 2039 705 2104; x_wconf 85' lang='grc'><strong>56.</strong></span> <span class='ocrx_word' id='word_1_177' title='bbox 720 2038 833 2097; x_wconf 82' lang='lat' dir='ltr'>exactis</span> <span class='ocrx_word' id='word_1_178' title='bbox 848 2054 1015 2115; x_wconf 76' lang='lat' dir='ltr'>supremam</span> <span class='ocrx_word' id='word_1_179' title='bbox 1024 2053 1103 2091; x_wconf 88' lang='lat' dir='ltr'>anno</span> <span class='ocrx_word' id='word_1_180' title='bbox 1117 2035 1209 2099; x_wconf 74' lang='lat'><strong>5459.</strong></span> 
     </span>
     <span class='ocr_line' id='line_1_20' title="bbox 115 2117 1304 2201; baseline -0.003 -22"><span class='ocrx_word' id='word_1_181' title='bbox 115 2140 152 2179; x_wconf 90' lang='lat' dir='ltr'>sc</span> <span class='ocrx_word' id='word_1_182' title='bbox 171 2140 236 2180; x_wconf 86' lang='lat' dir='ltr'>non</span> <span class='ocrx_word' id='word_1_183' title='bbox 257 2122 351 2188; x_wconf 78' lang='lat'><strong>6458.</strong></span> <span class='ocrx_word' id='word_1_184' title='bbox 371 2121 475 2182; x_wconf 82' lang='lat' dir='ltr'><strong>debuit</strong></span> <span class='ocrx_word' id='word_1_185' title='bbox 496 2121 636 2197; x_wconf 78' lang='lat' dir='ltr'>consequi</span> <span class='ocrx_word' id='word_1_186' title='bbox 659 2130 852 2201; x_wconf 80' lang='lat' dir='ltr'>potestatem,</span> <span class='ocrx_word' id='word_1_187' title='bbox 882 2127 934 2177; x_wconf 91' lang='lat' dir='ltr'>ant</span> <span class='ocrx_word' id='word_1_188' title='bbox 955 2127 1034 2179; x_wconf 84' lang='lat' dir='ltr'>cesto</span> <span class='ocrx_word' id='word_1_189' title='bbox 1050 2118 1135 2176; x_wconf 88' lang='lat' dir='ltr'>onnis</span> <span class='ocrx_word' id='word_1_190' title='bbox 1154 2117 1204 2184; x_wconf 86' lang='grc'><strong>57.</strong></span> <span class='ocrx_word' id='word_1_191' title='bbox 1223 2128 1304 2187; x_wconf 49' lang='grc'>373</span> 
     </span>
     <span class='ocr_line' id='line_1_21' title="bbox 114 2203 955 2287; baseline -0.002 -22"><span class='ocrx_word' id='word_1_192' title='bbox 114 2203 296 2287; x_wconf 85' lang='lat' dir='ltr'>imperarit,</span> <span class='ocrx_word' id='word_1_193' title='bbox 314 2205 396 2282; x_wconf 88' lang='lat' dir='ltr'>quod</span> <span class='ocrx_word' id='word_1_194' title='bbox 409 2225 475 2286; x_wconf 84' lang='lat' dir='ltr'>pag.</span> <span class='ocrx_word' id='word_1_195' title='bbox 491 2206 564 2271; x_wconf 84' lang='grc'><strong>305.</strong></span> <span class='ocrx_word' id='word_1_196' title='bbox 585 2204 621 2261; x_wconf 87' lang='grc' dir='ltr'><strong>Β.</strong></span> <span class='ocrx_word' id='word_1_197' title='bbox 637 2204 758 2284; x_wconf 87' lang='lat' dir='ltr'>scriptis</span> <span class='ocrx_word' id='word_1_198' title='bbox 774 2205 955 2264; x_wconf 82' lang='lat' dir='ltr'>adversatur.</span> 
     </span>
    </p>

    <p class='ocr_par' dir='ltr' id='par_1_4' title="bbox 114 2297 1210 2960">
     <span class='ocr_line' id='line_1_22' title="bbox 203 2297 1210 2390; baseline -0.003 -24"><span class='ocrx_word' id='word_1_199' title='bbox 203 2297 387 2387; x_wconf 75' lang='grc' dir='ltr'><strong><em>Παυὸδαρος</em></strong></span> <span class='ocrx_word' id='word_1_200' title='bbox 406 2302 439 2367; x_wconf 83' lang='lat' dir='ltr'>dl</span> <span class='ocrx_word' id='word_1_201' title='bbox 460 2308 499 2389; x_wconf 78' lang='grc' dir='ltr'>τῇ</span> <span class='ocrx_word' id='word_1_202' title='bbox 519 2303 739 2390; x_wconf 68' lang='grc' dir='ltr'>μαθηματικῇ]</span> <span class='ocrx_word' id='word_1_203' title='bbox 771 2306 812 2365; x_wconf 87' lang='lat' dir='ltr'>Ut</span> <span class='ocrx_word' id='word_1_204' title='bbox 835 2304 954 2382; x_wconf 82' lang='lat' dir='ltr'>Georgii</span> <span class='ocrx_word' id='word_1_205' title='bbox 975 2303 1143 2379; x_wconf 82' lang='lat' dir='ltr'>discursus,</span> <span class='ocrx_word' id='word_1_206' title='bbox 1165 2302 1210 2364; x_wconf 86' lang='lat' dir='ltr'>ita</span> 
     </span>
     <span class='ocr_line' id='line_1_23' title="bbox 115 2386 1209 2465; baseline -0.003 -14"><span class='ocrx_word' id='word_1_207' title='bbox 115 2387 242 2451; x_wconf 82' lang='lat' dir='ltr'>rationis</span> <span class='ocrx_word' id='word_1_208' title='bbox 256 2388 320 2447; x_wconf 87' lang='lat' dir='ltr'>eius</span> <span class='ocrx_word' id='word_1_209' title='bbox 332 2388 364 2447; x_wconf 90' lang='lat' dir='ltr'>in</span> <span class='ocrx_word' id='word_1_210' title='bbox 378 2388 564 2450; x_wconf 82' lang='lat' dir='ltr'>Panodoram</span> <span class='ocrx_word' id='word_1_211' title='bbox 579 2386 761 2465; x_wconf 87' lang='lat' dir='ltr'>instructae,</span> <span class='ocrx_word' id='word_1_212' title='bbox 784 2390 880 2451; x_wconf 86' lang='lat' dir='ltr'>robur</span> <span class='ocrx_word' id='word_1_213' title='bbox 892 2390 944 2452; x_wconf 87' lang='lat' dir='ltr'>laic</span> <span class='ocrx_word' id='word_1_214' title='bbox 963 2410 1068 2463; x_wconf 88' lang='lat' dir='ltr'>omne,</span> <span class='ocrx_word' id='word_1_215' title='bbox 1089 2399 1118 2449; x_wconf 89' lang='lat' dir='ltr'>et</span> <span class='ocrx_word' id='word_1_216' title='bbox 1133 2409 1209 2448; x_wconf 87' lang='lat' dir='ltr'>con-</span> 
     </span>
     <span class='ocr_line' id='line_1_24' title="bbox 116 2471 1209 2553; baseline -0.004 -17"><span class='ocrx_word' id='word_1_217' title='bbox 116 2472 262 2536; x_wconf 83' lang='lat' dir='ltr'>clusionis</span> <span class='ocrx_word' id='word_1_218' title='bbox 283 2471 368 2533; x_wconf 87' lang='lat' dir='ltr'>scies.</span> <span class='ocrx_word' id='word_1_219' title='bbox 397 2478 427 2540; x_wconf 85' lang='lat'>1.</span> <span class='ocrx_word' id='word_1_220' title='bbox 455 2471 628 2533; x_wconf 85' lang='lat' dir='ltr'>l’onodorus</span> <span class='ocrx_word' id='word_1_221' title='bbox 653 2473 880 2553; x_wconf 83' lang='lat' dir='ltr'>blotbcnrntico,</span> <span class='ocrx_word' id='word_1_222' title='bbox 909 2495 971 2535; x_wconf 91' lang='lat' dir='ltr'>non</span> <span class='ocrx_word' id='word_1_223' title='bbox 997 2474 1209 2534; x_wconf 73' lang='lat' dir='ltr'>Ecclesiastico</span> 
     </span>
     <span class='ocr_line' id='line_1_25' title="bbox 115 2551 1208 2638; baseline 0.002 -18"><span class='ocrx_word' id='word_1_224' title='bbox 115 2579 189 2620; x_wconf 88' lang='lat' dir='ltr'>usas</span> <span class='ocrx_word' id='word_1_225' title='bbox 208 2566 256 2618; x_wconf 86' lang='lat' dir='ltr'>est</span> <span class='ocrx_word' id='word_1_226' title='bbox 274 2558 409 2636; x_wconf 83' lang='lat' dir='ltr'>Conone,</span> <span class='ocrx_word' id='word_1_227' title='bbox 439 2551 480 2621; x_wconf 65' lang='lat' dir='ltr'>&#39;osi</span> <span class='ocrx_word' id='word_1_228' title='bbox 503 2561 603 2632; x_wconf 73' lang='grc' dir='ltr'><strong><em>καλοῖς</em></strong></span> <span class='ocrx_word' id='word_1_229' title='bbox 624 2555 880 2638; x_wconf 73' lang='grc' dir='ltr'><strong><em>ὃιαυοησάμευοςο</em></strong></span> <span class='ocrx_word' id='word_1_230' title='bbox 911 2558 948 2617; x_wconf 87' lang='lat' dir='ltr'>ds</span> <span class='ocrx_word' id='word_1_231' title='bbox 963 2572 1031 2636; x_wconf 81' lang='lat' dir='ltr'>&#39;quo</span> <span class='ocrx_word' id='word_1_232' title='bbox 1055 2579 1154 2638; x_wconf 85' lang='lat' dir='ltr'>supra.</span> <span class='ocrx_word' id='word_1_233' title='bbox 1175 2563 1208 2622; x_wconf 68' lang='lat'><em>2</em></span> 
     </span>
     <span class='ocr_line' id='line_1_26' title="bbox 114 2640 1209 2722; baseline -0.007 -16"><span class='ocrx_word' id='word_1_234' title='bbox 114 2645 157 2705; x_wconf 82' lang='lat' dir='ltr'>Ut</span> <span class='ocrx_word' id='word_1_235' title='bbox 170 2640 346 2706; x_wconf 83' lang='lat' dir='ltr'>Panodorus</span> <span class='ocrx_word' id='word_1_236' title='bbox 362 2642 519 2703; x_wconf 78' lang='lat' dir='ltr'>exordium</span> <span class='ocrx_word' id='word_1_237' title='bbox 534 2644 661 2720; x_wconf 77' lang='lat' dir='ltr'>Augusti</span> <span class='ocrx_word' id='word_1_238' title='bbox 678 2642 763 2699; x_wconf 89' lang='lat' dir='ltr'>annis</span> <span class='ocrx_word' id='word_1_239' title='bbox 785 2651 875 2720; x_wconf 87' lang='lat' dir='ltr'>octo,</span> <span class='ocrx_word' id='word_1_240' title='bbox 896 2640 937 2699; x_wconf 92' lang='lat' dir='ltr'>ita</span> <span class='ocrx_word' id='word_1_241' title='bbox 955 2641 1044 2699; x_wconf 87' lang='lat' dir='ltr'>finem</span> <span class='ocrx_word' id='word_1_242' title='bbox 1056 2640 1122 2722; x_wconf 87' lang='lat' dir='ltr'>pari</span> <span class='ocrx_word' id='word_1_243' title='bbox 1137 2661 1209 2721; x_wconf 89' lang='lat' dir='ltr'>spa-</span> 
     </span>
     <span class='ocr_line' id='line_1_27' title="bbox 114 2720 1209 2808; baseline -0.006 -18"><span class='ocrx_word' id='word_1_244' title='bbox 114 2729 159 2790; x_wconf 88' lang='lat' dir='ltr'>tio</span> <span class='ocrx_word' id='word_1_245' title='bbox 174 2729 345 2803; x_wconf 81' lang='lat' dir='ltr'>antevertit,</span> <span class='ocrx_word' id='word_1_246' title='bbox 366 2720 405 2788; x_wconf 88' lang='grc' dir='ltr'><strong><em>ου’</em></strong></span> <span class='ocrx_word' id='word_1_247' title='bbox 417 2731 516 2802; x_wconf 74' lang='grc' dir='ltr'><strong><em>καλῶς</em></strong></span> <span class='ocrx_word' id='word_1_248' title='bbox 530 2720 783 2807; x_wconf 72' lang='grc' dir='ltr'><strong><em>διανοησοῖμευυςε</em></strong></span> <span class='ocrx_word' id='word_1_249' title='bbox 803 2725 962 2808; x_wconf 83' lang='lat' dir='ltr'>imperium</span> <span class='ocrx_word' id='word_1_250' title='bbox 980 2724 1059 2785; x_wconf 90' lang='lat' dir='ltr'>enim</span> <span class='ocrx_word' id='word_1_251' title='bbox 1074 2725 1136 2784; x_wconf 86' lang='lat' dir='ltr'>eius</span> <span class='ocrx_word' id='word_1_252' title='bbox 1153 2746 1209 2783; x_wconf 87' lang='lat' dir='ltr'>an-</span> 
     </span>
     <span class='ocr_line' id='line_1_28' title="bbox 115 2809 1210 2889; baseline -0.003 -16"><span class='ocrx_word' id='word_1_253' title='bbox 115 2813 164 2874; x_wconf 89' lang='lat' dir='ltr'>nis</span> <span class='ocrx_word' id='word_1_254' title='bbox 184 2820 255 2871; x_wconf 88' lang='lat' dir='ltr'>octo</span> <span class='ocrx_word' id='word_1_255' title='bbox 276 2809 506 2889; x_wconf 85' lang='lat' dir='ltr'>retardandum,</span> <span class='ocrx_word' id='word_1_256' title='bbox 528 2820 558 2871; x_wconf 90' lang='lat' dir='ltr'>et</span> <span class='ocrx_word' id='word_1_257' title='bbox 577 2829 658 2871; x_wconf 89' lang='lat' dir='ltr'>mors</span> <span class='ocrx_word' id='word_1_258' title='bbox 681 2811 806 2871; x_wconf 88' lang='lat' dir='ltr'>totidem</span> <span class='ocrx_word' id='word_1_259' title='bbox 825 2811 858 2872; x_wconf 91' lang='lat' dir='ltr'>in</span> <span class='ocrx_word' id='word_1_260' title='bbox 881 2812 966 2872; x_wconf 89' lang='lat' dir='ltr'>annis</span> <span class='ocrx_word' id='word_1_261' title='bbox 987 2810 1095 2871; x_wconf 88' lang='lat' dir='ltr'>mundi</span> <span class='ocrx_word' id='word_1_262' title='bbox 1109 2829 1210 2871; x_wconf 88' lang='lat' dir='ltr'>resno·</span> 
     </span>
     <span class='ocr_line' id='line_1_29' title="bbox 115 2894 224 2960; baseline -0.073 0"><span class='ocrx_word' id='word_1_263' title='bbox 115 2894 224 2960; x_wconf 72' lang='lat' dir='ltr'>venda.</span> 
     </span>
    </p>

    <p class='ocr_par' dir='ltr' id='par_1_5' title="bbox 114 2970 1210 3299">
     <span class='ocr_line' id='line_1_30' title="bbox 206 2970 1209 3062; baseline -0.002 -21"><span class='ocrx_word' id='word_1_264' title='bbox 206 2982 274 3042; x_wconf 74' lang='lat' dir='ltr'>Teis</span> <span class='ocrx_word' id='word_1_265' title='bbox 288 2980 404 3042; x_wconf 73' lang='grc' dir='ltr'><strong><em>λοιπῶν</em></strong></span> <span class='ocrx_word' id='word_1_266' title='bbox 414 2970 596 3044; x_wconf 77' lang='grc' dir='ltr'><strong><em>Ἀποστὸλαυ</em></strong></span> <span class='ocrx_word' id='word_1_267' title='bbox 607 2974 751 3062; x_wconf 69' lang='grc' dir='ltr'>ἡγεῖσθαι</span> <span class='ocrx_word' id='word_1_268' title='bbox 762 2977 962 3061; x_wconf 71' lang='grc' dir='ltr'>προσέταξεν]</span> <span class='ocrx_word' id='word_1_269' title='bbox 984 2979 1112 3041; x_wconf 81' lang='lat' dir='ltr'>Ubinam</span> <span class='ocrx_word' id='word_1_270' title='bbox 1125 2980 1209 3040; x_wconf 84' lang='lat' dir='ltr'>Scri-</span> 
     </span>
     <span class='ocr_line' id='line_1_31' title="bbox 114 3062 1210 3150; baseline 0.003 -26"><span class='ocrx_word' id='word_1_271' title='bbox 114 3063 299 3150; x_wconf 87' lang='lat' dir='ltr'>ptursrum&#39;l</span> <span class='ocrx_word' id='word_1_272' title='bbox 334 3062 600 3133; x_wconf 79' lang='lat' dir='ltr'>Observa&#39;l&#39;srusii</span> <span class='ocrx_word' id='word_1_273' title='bbox 619 3075 754 3145; x_wconf 83' lang='lat' dir='ltr'>ternpore</span> <span class='ocrx_word' id='word_1_274' title='bbox 778 3065 966 3125; x_wconf 76' lang='lat' dir='ltr'>Aristar-chae</span> <span class='ocrx_word' id='word_1_275' title='bbox 984 3066 1210 3127; x_wconf 81' lang='lat' dir='ltr'>Ecclesiasticas</span> 
     </span>
     <span class='ocr_line' id='line_1_32' title="bbox 115 3148 1209 3234; baseline -0.003 -21"><span class='ocrx_word' id='word_1_276' title='bbox 115 3173 135 3213; x_wconf 91' lang='lat' dir='ltr'>s</span> <span class='ocrx_word' id='word_1_277' title='bbox 156 3148 262 3231; x_wconf 86' lang='lat' dir='ltr'>primis</span> <span class='ocrx_word' id='word_1_278' title='bbox 274 3148 468 3211; x_wconf 81' lang='lat' dir='ltr'>iconoclastis</span> <span class='ocrx_word' id='word_1_279' title='bbox 487 3171 591 3234; x_wconf 90' lang='lat' dir='ltr'>spsrss</span> <span class='ocrx_word' id='word_1_280' title='bbox 608 3150 738 3212; x_wconf 84' lang='lat' dir='ltr'>Graecos</span> <span class='ocrx_word' id='word_1_281' title='bbox 754 3149 814 3209; x_wconf 90' lang='lat' dir='ltr'>iam</span> <span class='ocrx_word' id='word_1_282' title='bbox 834 3150 897 3211; x_wconf 89' lang='lat' dir='ltr'>suis</span> <span class='ocrx_word' id='word_1_283' title='bbox 912 3150 1018 3211; x_wconf 74' lang='lat' dir='ltr'>suissuis</span> <span class='ocrx_word' id='word_1_284' title='bbox 1034 3150 1209 3213; x_wconf 85' lang='lat' dir='ltr'>innutriisse</span> 
     </span>
     <span class='ocr_line' id='line_1_33' title="bbox 114 3255 240 3299; baseline -0.008 0"><span class='ocrx_word' id='word_1_285' title='bbox 114 3255 240 3299; x_wconf 55' lang='lat' dir='ltr'>&#39;emmas</span> 
     </span>
    </p>

    <p class='ocr_par' dir='ltr' id='par_1_6' title="bbox 114 3327 1209 3590">
     <span class='ocr_line' id='line_1_34' title="bbox 200 3327 1209 3425; baseline 0.001 -26"><span class='ocrx_word' id='word_1_286' title='bbox 200 3336 271 3415; x_wconf 78' lang='lat' dir='ltr'>Psg.</span> <span class='ocrx_word' id='word_1_287' title='bbox 290 3336 363 3404; x_wconf 75' lang='lat'><strong>828.</strong></span> <span class='ocrx_word' id='word_1_288' title='bbox 389 3337 438 3425; x_wconf 80' lang='lat' dir='ltr'>Tpi</span> <span class='ocrx_word' id='word_1_289' title='bbox 458 3327 540 3423; x_wconf 76' lang='lat' dir='ltr'>calepi</span> <span class='ocrx_word' id='word_1_290' title='bbox 558 3333 616 3400; x_wconf 70' lang='lat' dir='ltr'>less</span> <span class='ocrx_word' id='word_1_291' title='bbox 628 3328 793 3419; x_wconf 76' lang='grc' dir='ltr'><strong><em>Ἰἇυαβος.]</em></strong></span> <span class='ocrx_word' id='word_1_292' title='bbox 815 3335 1117 3419; x_wconf 80' lang='lat' dir='ltr'>Hierosolymitaram</span> <span class='ocrx_word' id='word_1_293' title='bbox 1133 3339 1209 3421; x_wconf 80' lang='lat' dir='ltr'>Epi·</span> 
     </span>
     <span class='ocr_line' id='line_1_35' title="bbox 114 3419 1209 3505; baseline 0.004 -25"><span class='ocrx_word' id='word_1_294' title='bbox 114 3441 278 3505; x_wconf 84' lang='lat' dir='ltr'>seoporum</span> <span class='ocrx_word' id='word_1_295' title='bbox 295 3419 409 3502; x_wconf 85' lang='lat' dir='ltr'>epocha</span> <span class='ocrx_word' id='word_1_296' title='bbox 425 3419 465 3481; x_wconf 90' lang='lat' dir='ltr'>sd</span> <span class='ocrx_word' id='word_1_297' title='bbox 479 3441 589 3482; x_wconf 88' lang='lat' dir='ltr'>annam</span> <span class='ocrx_word' id='word_1_298' title='bbox 611 3421 731 3492; x_wconf 84' lang='lat' dir='ltr'>Domini</span> <span class='ocrx_word' id='word_1_299' title='bbox 745 3424 798 3490; x_wconf 80' lang='grc'><strong>34.</strong></span> <span class='ocrx_word' id='word_1_300' title='bbox 823 3422 1003 3490; x_wconf 83' lang='lat' dir='ltr'>devincitur.</span> <span class='ocrx_word' id='word_1_301' title='bbox 1044 3426 1089 3486; x_wconf 90' lang='lat' dir='ltr'>lle</span> <span class='ocrx_word' id='word_1_302' title='bbox 1107 3425 1209 3487; x_wconf 88' lang='lat' dir='ltr'>lacobi</span> 
     </span>
     <span class='ocr_line' id='line_1_36' title="bbox 114 3505 1027 3590; baseline -0.001 -22"><span class='ocrx_word' id='word_1_303' title='bbox 114 3510 149 3570; x_wconf 87' lang='lat' dir='ltr'>in</span> <span class='ocrx_word' id='word_1_304' title='bbox 164 3507 350 3590; x_wconf 76' lang='lat' dir='ltr'>Episcopatu</span> <span class='ocrx_word' id='word_1_305' title='bbox 361 3505 446 3566; x_wconf 89' lang='lat' dir='ltr'>annis</span> <span class='ocrx_word' id='word_1_306' title='bbox 459 3516 530 3588; x_wconf 89' lang='lat' dir='ltr'>post</span> <span class='ocrx_word' id='word_1_307' title='bbox 540 3506 649 3568; x_wconf 85' lang='lat' dir='ltr'>lineam</span> <span class='ocrx_word' id='word_1_308' title='bbox 664 3508 797 3569; x_wconf 82' lang='lat' dir='ltr'>alteram.</span> <span class='ocrx_word' id='word_1_309' title='bbox 1025 3514 1027 3519; x_wconf 58' lang='lat'><strong>⁴</strong></span> 
     </span>
    </p>
   </div>
   <div class='ocr_carea' id='block_1_4' title="bbox 77 3599 1253 4298">
    <p class='ocr_par' dir='ltr' id='par_1_7' title="bbox 77 3599 1253 4298">
     <span class='ocr_line' id='line_1_37' title="bbox 201 3599 1210 3696; baseline 0.003 -25"><span class='ocrx_word' id='word_1_310' title='bbox 201 3610 270 3688; x_wconf 78' lang='lat' dir='ltr'>Psg.</span> <span class='ocrx_word' id='word_1_311' title='bbox 290 3609 364 3676; x_wconf 77' lang='lat'>³29.</span> <span class='ocrx_word' id='word_1_312' title='bbox 383 3599 476 3684; x_wconf 78' lang='lat' dir='ltr'>I&#39;ss&#39;tor</span> <span class='ocrx_word' id='word_1_313' title='bbox 490 3604 597 3676; x_wconf 76' lang='lat' dir='ltr'>luvris</span> <span class='ocrx_word' id='word_1_314' title='bbox 608 3600 771 3695; x_wconf 71' lang='grc' dir='ltr'><strong><em>ἆσοθοοί]</em></strong></span> <span class='ocrx_word' id='word_1_315' title='bbox 791 3610 872 3674; x_wconf 83' lang='lat' dir='ltr'>lissa</span> <span class='ocrx_word' id='word_1_316' title='bbox 885 3621 916 3675; x_wconf 84' lang='lat' dir='ltr'>et</span> <span class='ocrx_word' id='word_1_317' title='bbox 930 3631 1055 3696; x_wconf 82' lang='lat' dir='ltr'>sequens</span> <span class='ocrx_word' id='word_1_318' title='bbox 1067 3611 1210 3694; x_wconf 84' lang='lat' dir='ltr'>parioclss</span> 
     </span>
     <span class='ocr_line' id='line_1_38' title="bbox 116 3694 600 3777; baseline 0.006 -21"><span class='ocrx_word' id='word_1_319' title='bbox 116 3713 172 3756; x_wconf 88' lang='lat' dir='ltr'>sao</span> <span class='ocrx_word' id='word_1_320' title='bbox 183 3694 253 3755; x_wconf 91' lang='lat' dir='ltr'>loca</span> <span class='ocrx_word' id='word_1_321' title='bbox 268 3701 360 3758; x_wconf 77' lang='lat' dir='ltr'>mats.</span> <span class='ocrx_word' id='word_1_322' title='bbox 595 3768 600 3777; x_wconf 45' lang='lat'>‚</span> 
     </span>
     <span class='ocr_line' id='line_1_39' title="bbox 199 3786 1210 3879; baseline 0.006 -25"><span class='ocrx_word' id='word_1_323' title='bbox 199 3796 270 3873; x_wconf 73' lang='lat' dir='ltr'>Psg.</span> <span class='ocrx_word' id='word_1_324' title='bbox 288 3797 363 3861; x_wconf 70' lang='grc'><strong>830.</strong></span> <span class='ocrx_word' id='word_1_325' title='bbox 382 3787 519 3876; x_wconf 75' lang='grc' dir='ltr'><strong><em>Ἱοὶαοβος</em></strong></span> <span class='ocrx_word' id='word_1_326' title='bbox 540 3791 562 3859; x_wconf 82' lang='lat' dir='ltr'>d</span> <span class='ocrx_word' id='word_1_327' title='bbox 580 3786 769 3874; x_wconf 65' lang='lat' dir='ltr'>disipiens</span> <span class='ocrx_word' id='word_1_328' title='bbox 793 3794 843 3878; x_wconf 72' lang='lat' dir='ltr'>len</span> <span class='ocrx_word' id='word_1_329' title='bbox 864 3793 919 3879; x_wconf 60' lang='grc' dir='ltr'>αἱ]</span> <span class='ocrx_word' id='word_1_330' title='bbox 945 3798 1130 3878; x_wconf 82' lang='lat' dir='ltr'>lteponersm</span> <span class='ocrx_word' id='word_1_331' title='bbox 1150 3789 1210 3875; x_wconf 73' lang='grc' dir='ltr'><strong>κη’.</strong></span> 
     </span>
     <span class='ocr_line' id='line_1_40' title="bbox 116 3878 1211 3965; baseline 0.001 -27"><span class='ocrx_word' id='word_1_332' title='bbox 116 3882 168 3946; x_wconf 70' lang='grc'>33</span> <span class='ocrx_word' id='word_1_333' title='bbox 189 3878 317 3939; x_wconf 84' lang='lat' dir='ltr'>lnterius</span> <span class='ocrx_word' id='word_1_334' title='bbox 331 3878 444 3960; x_wconf 84' lang='lat' dir='ltr'>quippe</span> <span class='ocrx_word' id='word_1_335' title='bbox 463 3899 533 3939; x_wconf 88' lang='lat' dir='ltr'>cuns</span> <span class='ocrx_word' id='word_1_336' title='bbox 546 3879 610 3941; x_wconf 86' lang='lat' dir='ltr'>cius</span> <span class='ocrx_word' id='word_1_337' title='bbox 622 3900 716 3941; x_wconf 89' lang='lat' dir='ltr'>annos</span> <span class='ocrx_word' id='word_1_338' title='bbox 737 3883 777 3942; x_wconf 90' lang='lat' dir='ltr'>sd</span> <span class='ocrx_word' id='word_1_339' title='bbox 796 3888 850 3950; x_wconf 79' lang='lat'>26.</span> <span class='ocrx_word' id='word_1_340' title='bbox 871 3883 1048 3965; x_wconf 82' lang='lat' dir='ltr'>processisse</span> <span class='ocrx_word' id='word_1_341' title='bbox 1066 3887 1211 3942; x_wconf 87' lang='lat' dir='ltr'>memoret</span> 
     </span>
     <span class='ocr_line' id='line_1_41' title="bbox 77 3961 1209 4047; baseline -0.001 -23"><span class='ocrx_word' id='word_1_342' title='bbox 77 4004 81 4009; x_wconf 73' lang='lat'>,</span> <span class='ocrx_word' id='word_1_343' title='bbox 114 3961 322 4042; x_wconf 80' lang='lat' dir='ltr'>llicepborns,</span> <span class='ocrx_word' id='word_1_344' title='bbox 347 3962 401 4023; x_wconf 89' lang='lat' dir='ltr'>bic</span> <span class='ocrx_word' id='word_1_345' title='bbox 420 3971 520 4024; x_wconf 85' lang='lat' dir='ltr'>satem</span> <span class='ocrx_word' id='word_1_346' title='bbox 544 3973 613 4025; x_wconf 90' lang='lat' dir='ltr'>octo</span> <span class='ocrx_word' id='word_1_347' title='bbox 630 3974 807 4028; x_wconf 82' lang='lat' dir='ltr'>mcmorstos</span> <span class='ocrx_word' id='word_1_348' title='bbox 824 3968 934 4047; x_wconf 79' lang='lat' dir='ltr'>legam,</span> <span class='ocrx_word' id='word_1_349' title='bbox 955 3977 1026 4028; x_wconf 92' lang='lat' dir='ltr'>octo</span> <span class='ocrx_word' id='word_1_350' title='bbox 1046 3985 1137 4046; x_wconf 87' lang='lat' dir='ltr'>supra</span> <span class='ocrx_word' id='word_1_351' title='bbox 1162 3963 1209 4023; x_wconf 83' lang='lat' dir='ltr'>ri·</span> 
     </span>
     <span class='ocr_line' id='line_1_42' title="bbox 115 4045 1210 4126; baseline 0.005 -21"><span class='ocrx_word' id='word_1_352' title='bbox 115 4047 192 4126; x_wconf 78' lang='lat' dir='ltr'>giuti</span> <span class='ocrx_word' id='word_1_353' title='bbox 217 4045 344 4126; x_wconf 87' lang='lat' dir='ltr'>scriptos</span> <span class='ocrx_word' id='word_1_354' title='bbox 371 4049 563 4125; x_wconf 87' lang='lat' dir='ltr'>coniicsrem;</span> <span class='ocrx_word' id='word_1_355' title='bbox 594 4049 655 4110; x_wconf 90' lang='lat' dir='ltr'>nisi</span> <span class='ocrx_word' id='word_1_356' title='bbox 680 4051 875 4113; x_wconf 81' lang='lat' dir='ltr'>Pontificstus</span> <span class='ocrx_word' id='word_1_357' title='bbox 900 4072 994 4113; x_wconf 89' lang='lat' dir='ltr'>annos</span> <span class='ocrx_word' id='word_1_358' title='bbox 1014 4053 1068 4116; x_wconf 77' lang='grc'><strong>30.</strong></span> <span class='ocrx_word' id='word_1_359' title='bbox 1092 4049 1210 4110; x_wconf 88' lang='lat' dir='ltr'>disertis</span> 
     </span>
     <span class='ocr_line' id='line_1_43' title="bbox 114 4129 1209 4215; baseline 0.004 -24"><span class='ocrx_word' id='word_1_360' title='bbox 114 4131 216 4193; x_wconf 75' lang='lat' dir='ltr'>serbis</span> <span class='ocrx_word' id='word_1_361' title='bbox 237 4149 276 4189; x_wconf 82' lang='lat' dir='ltr'>sx</span> <span class='ocrx_word' id='word_1_362' title='bbox 297 4129 425 4193; x_wconf 83' lang='lat' dir='ltr'>Eusebio</span> <span class='ocrx_word' id='word_1_363' title='bbox 444 4152 513 4215; x_wconf 78' lang='lat' dir='ltr'>pag.</span> <span class='ocrx_word' id='word_1_364' title='bbox 532 4133 605 4201; x_wconf 80' lang='grc'><strong>335.</strong></span> <span class='ocrx_word' id='word_1_365' title='bbox 626 4135 658 4197; x_wconf 84' lang='grc' dir='ltr'><strong>Β.</strong></span> <span class='ocrx_word' id='word_1_366' title='bbox 680 4134 805 4197; x_wconf 76' lang='lat' dir='ltr'>Autlror&#39;</span> <span class='ocrx_word' id='word_1_367' title='bbox 819 4136 995 4197; x_wconf 83' lang='lat' dir='ltr'>ascriberet:</span> <span class='ocrx_word' id='word_1_368' title='bbox 1015 4152 1085 4193; x_wconf 85' lang='lat' dir='ltr'>nans</span> <span class='ocrx_word' id='word_1_369' title='bbox 1098 4143 1129 4193; x_wconf 88' lang='lat' dir='ltr'>et</span> <span class='ocrx_word' id='word_1_370' title='bbox 1141 4133 1209 4215; x_wconf 91' lang='lat' dir='ltr'>ipso</span> 
     </span>
     <span class='ocr_line' id='line_1_44' title="bbox 114 4212 1253 4298; baseline -0.007 -11"><span class='ocrx_word' id='word_1_371' title='bbox 114 4212 355 4286; x_wconf 68' lang='grc' dir='ltr'>Β11111114101141</span> <span class='ocrx_word' id='word_1_372' title='bbox 369 4235 448 4276; x_wconf 78' lang='grc'><strong>111110</strong></span> <span class='ocrx_word' id='word_1_373' title='bbox 462 4220 612 4296; x_wconf 60' lang='grc'>11113838.</span> <span class='ocrx_word' id='word_1_374' title='bbox 626 4219 662 4278; x_wconf 76' lang='lat' dir='ltr'>B:</span> <span class='ocrx_word' id='word_1_375' title='bbox 671 4218 816 4298; x_wconf 85' lang='lat' dir='ltr'>dignitate</span> <span class='ocrx_word' id='word_1_376' title='bbox 832 4230 988 4292; x_wconf 84' lang='lat' dir='ltr'>ornatum,</span> <span class='ocrx_word' id='word_1_377' title='bbox 1009 4236 1208 4280; x_wconf 85' lang='lat' dir='ltr'>successorem</span> <span class='ocrx_word' id='word_1_378' title='bbox 1250 4290 1253 4295; x_wconf 25' lang='lat'><strong>⁴</strong></span> 
     </span>
    </p>
   </div>
   <div class='ocr_carea' id='block_1_5' title="bbox 114 4297 1209 4388">
    <p class='ocr_par' dir='ltr' id='par_1_8' title="bbox 114 4297 1209 4388">
     <span class='ocr_line' id='line_1_45' title="bbox 114 4297 1209 4388; baseline 0.004 -25"><span class='ocrx_word' id='word_1_379' title='bbox 114 4323 186 4363; x_wconf 80' lang='lat' dir='ltr'>aero</span> <span class='ocrx_word' id='word_1_380' title='bbox 203 4318 268 4361; x_wconf 88' lang='lat' dir='ltr'>non</span> <span class='ocrx_word' id='word_1_381' title='bbox 281 4297 342 4358; x_wconf 89' lang='lat' dir='ltr'>nisi</span> <span class='ocrx_word' id='word_1_382' title='bbox 356 4297 437 4359; x_wconf 85' lang='lat' dir='ltr'>circa</span> <span class='ocrx_word' id='word_1_383' title='bbox 450 4302 576 4363; x_wconf 79' lang='lat' dir='ltr'>Neronis</span> <span class='ocrx_word' id='word_1_384' title='bbox 592 4312 727 4384; x_wconf 87' lang='lat' dir='ltr'>tempora</span> <span class='ocrx_word' id='word_1_385' title='bbox 738 4314 889 4387; x_wconf 85' lang='lat' dir='ltr'>postrema</span> <span class='ocrx_word' id='word_1_386' title='bbox 909 4303 1105 4384; x_wconf 81' lang='lat' dir='ltr'>aecsmitam,</span> <span class='ocrx_word' id='word_1_387' title='bbox 1126 4305 1209 4388; x_wconf 87' lang='lat' dir='ltr'>spud</span> 
     </span>
    </p>
   </div>
   <div class='ocr_carea' id='block_1_6' title="bbox 115 4385 656 4469">
    <p class='ocr_par' dir='ltr' id='par_1_9' title="bbox 115 4385 656 4469">
     <span class='ocr_line' id='line_1_46' title="bbox 115 4385 656 4469; baseline -0.006 -20"><span class='ocrx_word' id='word_1_388' title='bbox 115 4387 282 4451; x_wconf 78' lang='lat' dir='ltr'>tamarem</span> <span class='ocrx_word' id='word_1_389' title='bbox 303 4401 372 4466; x_wconf 57' lang='lat' dir='ltr'>pap</span> <span class='ocrx_word' id='word_1_390' title='bbox 394 4385 468 4453; x_wconf 77' lang='grc'><strong>386.</strong></span> <span class='ocrx_word' id='word_1_391' title='bbox 492 4386 656 4469; x_wconf 86' lang='lat' dir='ltr'>conspicio.</span> 
     </span>
    </p>
   </div>
   <div class='ocr_carea' id='block_1_7' title="bbox 0 0 1448 5002">
    <p class='ocr_par' dir='ltr' id='par_1_10' title="bbox 0 0 1448 5002">
     <span class='ocr_line' id='line_1_47' title="bbox 0 0 1448 5002; baseline 0 1"><span class='ocrx_word' id='word_1_392' title='bbox 0 0 1448 5002; x_wconf 95' lang='lat' dir='ltr'> </span> 
     </span>
    </p>
   </div>
  </div>
 </body>
</html>
