2888 5002
253 341 329 420 520
627 349 972 419 EMENDATIONES

254 507 412 573 nobilitate
434 514 464 566 et
483 504 650 568 eruditione
672 505 882 588 spectatissimi
898 506 1004 565 iratres
1018 504 1142 565 Puteani
1158 507 1329 588 pmbumans

255 604 287 656 et
312 591 464 653 consmode
486 602 708 671 suggesseruut:
730 601 761 652 et
782 592 902 652 deinum
923 588 961 648 sd
984 587 1165 652 desideretis
1186 594 1331 652 cuiuslibet

256 677 410 739 doctrinae
423 678 641 756 procurandam
660 677 856 737 accessionem
870 673 1018 735 recentius
1037 675 1157 752 quidem
1176 678 1331 757 syncellis-

253 781 310 823 ssae
328 763 422 842 partis
435 771 614 822 memoratae
630 761 691 823 MS.
711 760 846 822 codicem
860 778 898 820 ex
918 758 1059 819 Vaticano
1076 764 1286 829 numero154.
1305 770 1331 820 et

253 845 374 907 laudato
386 845 521 906 Palatino
535 855 784 927 transumptum,
805 843 843 903 ad
860 863 915 904 nos
927 861 1022 922 usque
1037 842 1163 904 diuersis
1181 847 1248 906 aliis
1265 866 1332 906 cou-

253 931 390 991 ianctnm
411 930 525 1011 publici
540 931 616 993 boui
642 928 873 1004 amantissimus,
900 928 1052 1006 magisque
1080 929 1168 988 bessis
1195 930 1331 1005 omnibus,

253 1035 342 1096 quum
357 1014 414 1075 sibi
430 1014 545 1096 optimo
559 1017 673 1090 vivens,
689 1022 741 1072 aut
757 1012 926 1091 dignissimo
941 1011 997 1071 sibi
1010 1012 1164 1091 possidens
1180 1014 1332 1093 quidquam

252 1098 510 1162 Eminentissisnus
532 1098 677 1161 Dominus
698 1096 862 1158 Cardinalis
883 1096 1059 1157 franciscus
1077 1097 1255 1158 Barbetium
1272 1099 1333 1157 mit·

253 1185 377 1245 tendum
396 1183 524 1243 curavit.
564 1183 612 1243 lr'r
631 1182 721 1260 Regin
744 1180 852 1260 igitur,
873 1189 962 1261 prout
982 1178 1152 1261 hucmque,
1173 1202 1241 1241 cum
1262 1184 1332 1242 liar·

253 1268 373 1342 berino,
394 1266 610 1346 Permissaque
625 1266 716 1327 Ccdd.
728 1267 854 1340 collato,
876 1275 975 1325 nostra
995 1265 1136 1347 deinceps
1155 1268 1269 1343 versio,
1289 1267 1332 1327 sel

253 1352 376 1412 notulae
395 1351 568 1431 procedent.
609 1351 643 1411 lu
665 1351 725 1412 illis
746 1350 896 1433 praesenti
917 1348 1152 1430 chronologicae
1176 1362 1333 1433 postrenus

252 1435 333 1519 parti
346 1434 519 1515 praefigitur
531 1435 655 1496 tituluss

338 1522 488 1602 Γεαργλου
509 1525 564 1583 τοῦ
585 1513 801 1600 εείλαβεστοίτου
823 1523 957 1600 guaszoni
977 1517 1028 1580 καί
1042 1517 1210 1600 Συγιίλλου
1224 1543 1257 1603 γε
1312 1512 1322 1535 ’

253 1625 306 1678 τος
324 1606 471 1686 Ταρασίου
482 1608 539 1667 τοῦ
555 1601 720 1688 α’γιεοτοίεου
736 1599 981 1683 Ἀρχιετττσκότεου
999 1607 1333 1678 Κανσταντενουιτολεας

253 1683 406 1765 σύνταξις,
428 1687 497 1768 ἤτοι
509 1690 711 1771 χρονογραφία
723 1688 757 1752 ἓν
769 1683 899 1772 inertium
915 1681 975 1749 nissi
991 1691 1046 1764 τῆς
1059 1689 1209 1766 βασιλείας
1218 1685 1332 1752 Ἰουλίου

252 1774 406 1854 Καίσαρος
421 1770 590 1853 Ῥωμαίων,
612 1773 695 1846 ἔτους
716 1767 776 1835 sind
796 1775 919 1847 κτίσεως
935 1765 1050 1850 rinnon
1065 1768 1160 1854 ,ευλσῖ
1182 1772 1266 1855 pigne
1284 1777 1334 1849 sair

252 1858 479 1939 pacatissimi
506 1852 625 1940 προίτου
651 1857 736 1932 ίτους
760 1860 994 1936 Διοκλητιανοῠ·
1022 1850 1139 1936 κόσμου
1167 1857 1216 1937 ing
1239 1852 1333 1942 mi·

253 1940 334 2023 ὅριοί
347 1941 397 2022 ἔτη
409 1936 480 2023 τογ’.
502 1936 665 2023 Πομπήϊος
678 1943 835 2027 πολιορκία
847 1935 959 2022 lupinis.

335 2025 390 2085 llis
405 2026 520 2085 ultimis
535 2027 633 2086 vorbis
652 2027 686 2087 in
700 2024 823 2087 huiusce
835 2037 923 2087 uotae
937 2025 1061 2085 titulum
1074 2025 1232 2107 assumptis
1248 2042 1334 2106 pras-

255 2107 349 2167 mittit
364 2110 492 2186 Scaliger
509 2131 539 2190 p.
554 2116 606 2178 59.

254 2272 306 2356 ‘w
336 2190 493 2293 Ἀἰγύπτου
525 2193 576 2255 καὶ
607 2188 828 2277 Ἀλεξανδρείας
859 2194 1049 2277 ἐβασίλευσεν
1077 2188 1121 2258 θ’.
1150 2188 1332 2275 Ἀλέξανδρος

326 2297 355 2337 ι.

338 2352 495 2441 Αλγοίτατον
506 2356 559 2421 καὶ
569 2353 788 2443 Ἀλεξανδρείας
799 2358 986 2440 ἐβασίλευσα
1000 2355 1031 2423 ι’.
1052 2364 1236 2441 Πτολεμαῖος
1247 2363 1331 2421 Κλεο-

253 2437 368 2524 πάτρας
383 2441 452 2517 uide
468 2445 519 2524 ίῐη
534 2438 572 2524 η’.

335 2523 493 2612 Αἰγύπτου
514 2527 565 2593 καλ
595 2523 813 2611 Ἀλεξανδρείας
834 2524 1023 2608 ίβαολλευσεν
1046 2520 1094 2589 ια’.
1123 2520 1333 2607 Πτολεμαίοςί

251 2607 416 2687 Διονύσιος
429 2611 480 2694 len
494 2609 528 2676 λ’.

334 2696 414 2758 llaec
428 2709 511 2758 entre
527 2698 624 2756 sedem
639 2696 734 2777 posita
749 2716 805 2756 nec
818 2696 883 2775 ipse
899 2694 1031 2771 Scaliger
1052 2693 1249 2756 inficiabitur:
1268 2694 1328 2755 ba-

252 2781 332 2841 sebio
350 2783 517 2842 consentire
529 2781 683 2862 probabit,
705 2782 756 2862 qui
779 2782 889 2840 eisdcnr
908 2778 1028 2840 Eusebii
1050 2778 1163 2860 scripta
1184 2799 1328 2860 compare·

252 2867 346 2924 verit:
369 2866 449 2946 quod
463 2866 637 2924 sententiam
648 2865 686 2923 ad
700 2885 766 2944 pag.
783 2870 853 2931 290.
870 2874 955 2924 suetas
967 2864 1099 2946 positum
1112 2884 1151 2924 ex
1164 2875 1247 2946 parte
1261 2882 1326 2922 non·

252 2948 388 3025 firment,
410 2950 578 3009 nullatenus
593 2949 724 3010 arbitror
738 2949 932 3027 reperdinndo.

336 3032 518 3116 Βρεττανοτῖς
528 3033 677 3114 Ῥωμαίοις
691 3032 842 3105 οίττοτελεῖς
861 3026 1068 3112 καταστήσας]
1097 3032 1230 3092 Stellulis
1247 3033 1324 3092 lecu·

252 3138 359 3179 narum
373 3120 451 3179 notis
465 3127 494 3179 et
508 3119 622 3198 aliquid
635 3117 795 3179 desiderari
810 3118 1032 3195 suggerentibus
1046 3117 1222 3178 continuum
1240 3126 1268 3178 et
1279 3115 1324 3175 iu-

252 3212 367 3280 tegrum
390 3204 533 3264 sermonis
552 3204 635 3262 iilum
660 3202 810 3283 abrumpit
833 3202 979 3282 Scaliger:
1001 3211 1032 3261 et
1053 3201 1229 3284 sibimetipsi
1248 3198 1323 3275 ευτςίι

254 3306 342 3365 quam
358 3288 483 3363 Georgia
496 3290 628 3349 delectus
647 3298 748 3347 notam
764 3289 869 3352 innuit.

338 3372 404 3447 Ptg.
425 3377 497 3438 303.
520 3366 696 3455 Κλεοπάτρα
712 3372 762 3453 [τη
777 3368 847 3451 stiffi]
869 3370 1074 3446 Brrberinum,
1094 3369 1323 3437 Per·eaiauum,et

251 3450 301 3513 liis
321 3453 408 3512 etium
426 3455 552 3515 testibus
571 3457 754 3533 Palatinum,
775 3456 814 3515 ad
834 3456 914 3535 quod
936 3455 1055 3514 collatio
1077 3454 1157 3512 lecta
1174 3461 1232 3522 est,
1251 3445 1322 3506 ansuis

253 3537 427 3617 Cleopatrae
443 3540 493 3603 25·
517 3541 699 3617 assignandis
721 3541 864 3599 concordi
882 3538 1054 3598 charactere
1067 3535 1252 3614 conspirant:
1271 3532 1322 3591 bs·

250 3622 333 3701 gium
350 3629 487 3680 nostrum
501 3628 550 3687 22.
561 3625 671 3702 putatis
685 3634 858 3683 contentum
872 3632 932 3681 est:
953 3628 1063 3679 emices
1078 3618 1162 3693 regni
1172 3619 1233 3678 eius
1244 3636 1321 3677 exot-

252 3707 302 3768 dia
321 3706 437 3785 vulgari
457 3707 561 3764 inuuidi
585 3727 663 3765 auno
678 3711 770 3773 5446.
785 3703 981 3766 deuincienda
996 3710 1154 3761 testantur.
1194 3702 1320 3762 nones·

251 3801 380 3871 uterque
392 3790 473 3870 apud
492 3788 651 3867 Georgium
662 3790 808 3865 incertus,
829 3798 860 3848 et
876 3788 912 3847 ab
927 3807 962 3846 co
981 3796 1144 3846 secummet
1161 3788 1246 3847 variis
1258 3785 1320 3846 locis

252 3876 436 3937 colluctante
450 3874 592 3934 asseritur
604 3882 737 3950 uterque.
779 3871 913 3951 inspice,
934 3869 1037 3938 sodes,
1057 3890 1125 3951 psg.
1141 3873 1252 3939 md„
1264 3889 1320 3931 τετ-

251 3962 305 4022 ba:
327 3956 390 4025 elno*
415 3953 549 4043 ἑβδόμου
574 3956 659 4031 ἔτους
676 3951 885 4036 Ἀλεξάνδρου,
907 3953 964 4028 ior
984 3948 1043 4035 κβ.
1077 3951 1263 4037 Κλεοπᾶτρος
1279 3953 1320 4026 λη

250 4041 411 4126 τριακόσια.
440 4046 545 4106 Asinus
555 4040 717 4101 Alexandri
730 4039 873 4119 septimus
888 4038 913 4098 ie
927 4048 981 4117 est,
1004 4058 1063 4119 quo
1078 4039 1203 4101 decessit
1215 4061 1231 4099 e
1245 4035 1318 4096 sirit.

250 4139 340 4209 prout
357 4130 456 4190 cadom
479 4148 543 4207 pag.
568 4125 703 4186 decernit
715 4128 748 4183 C.
763 4124 865 4183 snundi
880 4125 972 4190 5170.
993 4143 1011 4182 ε
1032 4143 1090 4203 quo
1114 4122 1317 4185 tercentesimus

253 4223 296 4271 cst
307 4214 410 4274 mundi
426 4218 518 4281 5470.
534 4231 622 4292 quern
635 4228 783 4290 nusquam
799 4209 954 4289 Cleopatra
967 4208 1004 4267 ab
1020 4230 1097 4269 enirn
1111 4212 1203 4276 6446.
1215 4218 1318 4282 reguum

251 4299 403 4378 auspicata
427 4297 540 4382 potent
570 4296 736 4380 attingere,
757 4293 816 4358 nisi
833 4312 958 4377 regnans
980 4314 1073 4358 annos
1098 4296 1150 4364 25.
1170 4288 1317 4355 mstieiuss

1256 1543 1332 1624 rm
