2888 5002
447 431 504 502 ET
525 430 875 504 ANNOTATIONES.
1121 422 1194 501 631

112 593 214 668 sparte
227 585 311 649 velat
321 586 439 650 &mam
451 586 596 672 epocham
609 610 675 673 peg-
685 592 759 659 311.
769 589 802 651 G.
824 586 947 654 Numeri
960 588 1069 651 mutati
1079 609 1196 654 musam

110 670 220 732 ibidem
233 671 401 734 adiecimua

190 750 349 821 Ἐυιαυτοῦ
366 761 424 821 τοῦ
437 751 503 835 ιξί.
523 761 643 840 πρῶτον
663 755 811 842 ἥμερον]
836 759 934 819 Locus
953 768 1131 840 corruptus,
1150 758 1195 820 ita
1213 759 1244 822 V.
1258 767 1295 827 to

108 840 259 920 quondam
273 851 310 907 ut
324 843 453 916 arbitror
465 842 604 923 scriptus.
640 842 780 907 ἐνιαυτοῦ
793 847 849 907 rori
861 837 928 920 τξί.
939 848 1061 928 πρῶτον
1073 841 1195 926 ἡμιοοῑυ

108 921 215 1000 ὄντος,
236 924 290 987 stol
303 926 371 1009 περὶ
384 922 420 989 d'.
439 922 477 989 α’.
491 925 622 1010 sipiares
643 947 682 988 ex
702 947 762 1007 quo
776 928 850 988 vitio
864 920 953 1003 οὗτος
965 925 1047 1010 nopai
1059 924 1111 992 λα’.
1124 933 1196 1009 μιᾶς

107 1018 163 1068 etc.
186 1028 317 1087 expanso
337 1012 502 1092 reponitur,
524 1012 665 1075 ἐνιαυτοῦ
680 1018 736 1075 τοῦ
752 1015 930 1094 τριακοσίων
946 1007 1088 1093 ἑξήκοντα
1105 1012 1195 1078 ninas

106 1096 227 1177 πρῶτον
238 1092 359 1176 ἤμεροῑν
376 1092 476 1171 ὄντος,
497 1096 549 1159 καί
562 1096 632 1177 περί
643 1091 872 1178 τεταρτομίοιον
885 1096 1089 1177 pressiniaco.

180 1171 270 1249 ”Haec
285 1175 361 1241 sarri
374 1177 430 1259 raia
443 1175 506 1245 τίν’.
516 1185 573 1244 τοῦ
586 1176 764 1267 Αὐγούστου
779 1177 874 1263 unvair
887 1179 1066 1264 συμπίπτει]
1086 1182 1194 1256 Mente,

106 1268 139 1320 ut
151 1260 296 1338 arbitror,
319 1285 383 1324 non
398 1267 489 1328 sacto.
530 1266 635 1326 Annus
649 1267 729 1326 oraim
743 1267 904 1347 Aegyptius
918 1265 1022 1326 diebus
1036 1267 1108 1325 solis
1122 1269 1195 1333 865.

106 1354 261 1421 constans,
283 1367 340 1407 nec
355 1348 587 1409 intercalationis
603 1351 662 1410 diei
677 1361 747 1431 post
760 1373 854 1412 annos
875 1360 1004 1431 quatuor
1017 1370 1195 1431 componen-

104 1428 143 1487 do
156 1448 211 1488 sex
225 1428 366 1491 horarum
382 1453 533 1493 excessum
547 1435 706 1494 admittens
719 1445 787 1495 ante
799 1436 922 1512 Augusti
938 1444 1083 1514 tempora,
1104 1435 1194 1493 adeo·

106 1531 165 1591 que
184 1522 256 1592 post
271 1516 498 1595 quadriennium
511 1518 610 1578 Thotla
621 1540 709 1579 suum
721 1521 903 1581 transferens
915 1520 948 1578 iu
961 1518 1032 1579 suni
1047 1518 1103 1579 sui
1116 1518 1196 1579 diem

104 1597 302 1675 anteriorem,
330 1602 527 1663 revolutionis
546 1624 616 1663 suae
632 1603 832 1685 principium,
852 1614 882 1663 ct
902 1603 1054 1664 redeuntis
1078 1605 1195 1683 periodi

105 1700 253 1741 annorum
280 1686 372 1751 1460.
398 1686 529 1765 primum
550 1689 709 1748 terminum
733 1707 880 1768 nusquam
899 1688 972 1748 olim
990 1686 1095 1748 hebuit
1115 1688 1195 1748 diem

103 1764 231 1843 Augusti
247 1773 299 1833 29.
316 1770 480 1846 quinimmo
494 1773 639 1833 circuitus
655 1774 736 1834 illius
754 1772 845 1833 cardo
858 1773 906 1832 vel
920 1773 1035 1852 primus
1048 1771 1132 1831 limes
1154 1771 1194 1832 ed

103 1849 262 1908 Caniculae
279 1853 394 1930 Sydus,
423 1855 529 1914 Sothin
550 1858 587 1913 ab
612 1856 766 1934 Aegyptiis
788 1866 993 1936 nuncupatum
1014 1854 1099 1913 annis
1122 1865 1193 1915 ante

102 1933 277 1992 memoriam
291 1935 459 1997 labentibus
476 1937 674 2013 referebatur,
698 1949 734 1998 ut
752 1939 896 2019 Georgius
911 1938 1020 1998 author
1036 1947 1082 1997 est
1097 1959 1125 2018 p.
1140 1941 1192 2007 40.

101 2017 135 2077 Β.
155 2018 294 2097 idemque
306 2021 406 2081 liorus
418 2022 545 2102 Apollo,
567 2033 597 2081 et
611 2022 795 2104 Porphyrius
811 2023 841 2083 in
858 2026 953 2083 Antro
963 2032 1120 2082 testantur.
1141 2025 1192 2082 Pe·

99 2102 182 2162 riodi
197 2113 296 2162 tamen
305 2105 383 2164 illius
393 2125 539 2166 annorum
554 2107 644 2173 1460.
659 2108 815 2171 exordium
827 2106 1001 2168 viderentur
1014 2106 1192 2168 haecGeor-

101 2187 143 2265 gii
159 2188 252 2247 verba
268 2190 305 2248 ad
320 2190 443 2264 Augusti
457 2191 535 2250 diem
552 2196 602 2257 29.
615 2191 786 2268 astringere,
798 2191 857 2251 nisi
870 2193 1005 2270 neglecto
1018 2211 1088 2271 prae
1101 2201 1192 2251 retu-

101 2280 177 2331 state
191 2273 285 2353 priori
301 2274 460 2334 Caniculae
478 2276 617 2351 cardina,
638 2276 789 2354 quodiam
805 2276 876 2334 anni
890 2276 1061 2356 Aegyptiaci
1076 2276 1192 2355 priuci-

100 2356 185 2437 pium
199 2358 231 2416 in
244 2359 372 2437 spatium
386 2359 516 2419 anterius
528 2380 589 2419 non
602 2358 780 2433 retrahatur,
801 2361 876 2421 alius
888 2359 939 2420 hie
954 2360 1027 2436 dies,
1050 2360 1193 2421 nimirum

100 2442 231 2518 Augusti
249 2447 299 2509 29.
317 2453 351 2502 ut
365 2445 435 2502 anni
451 2445 504 2504 lixi
521 2442 665 2504 terminus
678 2455 722 2505 est
734 2444 875 2506 imnaotus
888 2454 918 2505 et
929 2444 1058 2520 stabilis,
1079 2444 1122 2504 its
1133 2465 1190 2526 pa·
1207 2445 1236 2498 Ρ.
1255 2444 1289 2499 17

100 2525 176 2587 riter
192 2526 219 2585 si
232 2546 324 2604 vagus
338 2537 415 2588 osset
426 2538 457 2588 et
470 2530 617 2601 incertus,
647 2529 778 2589 eiusdem
790 2530 823 2590 in
842 2539 943 2609 partes
957 2532 1073 2611 priores
1090 2539 1192 2590 retro·

101 2629 204 2669 cessus
220 2611 305 2672 limes
319 2613 436 2693 primur
455 2625 485 2674 et
501 2614 592 2674 cardo
605 2624 675 2694 post
686 2614 814 2693 Augusti
827 2614 958 2675 &maria
971 2624 1089 2694 tompus
1105 2615 1191 2693 cogi·

98 2696 216 2755 tatione
230 2697 447 2778 conciperetur.
983 2736 986 2742 ·

182 2778 236 2854 ‘94
255 2779 355 2859 ἔτυχεν
375 2775 637 2861 οίιιοταταστῆυαι]
659 2780 726 2841 Non
745 2788 910 2845 restaurata
923 2789 954 2840 et
966 2780 1110 2859 redeunte
1132 2800 1190 2841 an·

99 2883 212 2925 norum
235 2864 325 2929 146⁰.
346 2865 384 2923 at
405 2865 484 2925 diem
503 2864 629 2943 Augusti
643 2871 696 2933 29.
714 2867 855 2946 periodo,
877 2865 1015 2926 sed'anni
1031 2864 1131 2925 'i'hoth
1150 2866 1191 2928 ad

97 2967 168 3008 eum
184 2947 262 3006 dicia
273 2949 305 3007 ia
321 2960 498 3030 perpetuum
515 2950 668 3029 colligato,
689 2950 716 3010 ei
733 2970 808 3030 quae
820 2950 959 3030 deinceps
979 2950 1103 3030 fingitur
1124 2951 1189 3011 eius

96 3032 195 3113 priori
205 3053 288 3092 ruore
301 3034 466 3113 divagantis
485 3034 700 3111 inconstantia,
723 3036 807 3095 velut
823 3033 874 3095 hic
893 3035 1023 3116 primurn
1040 3035 1187 3104 instituta.

97 3118 135 3176 ab
149 3115 210 3176 hoc
224 3137 341 3198 quoque
354 3121 451 3201 primo
463 3121 592 3179 termino
611 3118 763 3178 effluxisse
781 3119 933 3197 cogitetur.
976 3112 1188 3201 ιίσιοιιαθιστᾷυ

97 3201 178 3263 anim
194 3222 256 3261 non
272 3197 486 3268 demetriadae
493 3204 598 3279 modo,
620 3203 671 3261 sed
685 3211 716 3262 et
728 3197 942 3276 ίιιισιιιυοίξιιυ,
964 3210 995 3262 et
1005 3204 1188 3282 καταστίζειν

97 3306 179 3363 esse,
204 3307 334 3348 necnon
350 3289 471 3368 insuper
485 3280 723 3352 ιίντοιιατιίστασιν
738 3307 800 3346 non
819 3286 865 3346 rei
879 3295 992 3346 tantum
1007 3287 1041 3344 in
1054 3287 1187 3368 priorenr

97 3382 210 3431 statum
226 3372 456 3451 restitutionem,
479 3372 530 3432 sed
550 3381 579 3432 et
595 3372 783 3433 turbulentae
803 3380 835 3431 et
852 3380 1016 3430 commotae
1029 3370 1189 3431 subsiden-

96 3457 171 3517 tiam
193 3466 224 3516 et
244 3458 429 3537 pacationem
451 3457 618 3536 significare
636 3456 816 3516 demonstret
839 3454 992 3515 Budaeus:
1021 3474 1114 3533 quare
1134 3454 1187 3533 qui

94 3550 350 3688 ttt‘tttf’
365 3538 1187 3710 ffiilti‘rlh‘lliffiihi‘fiiiiiiiii&

335 3671 345 3706 ί
1147 3708 1148 3711 ,

94 3709 249 3771 itenditur.
1122 3764 1124 3767 ,

181 3792 270 3860 Karai
283 3790 352 3861 aida
362 3789 459 3883 ,wari
475 3796 606 3870 iroerosi
615 3791 749 3877 κόσμου]
769 3792 875 3856 Varias
891 3801 950 3869 est,
972 3812 1028 3852 nec
1043 3790 1101 3852 sahi
1112 3810 1185 3851 oon·

94 3887 179 3938 stans
194 3879 228 3939 io
244 3883 373 3942 numeris
389 3882 552 3961 Georgius,
574 3900 642 3941 cum
657 3881 785 3941 maxime
794 3898 859 3939 rem
874 3897 937 3938 eam
950 3885 1074 3953 tractat,
1095 3875 1184 3935 cuius

93 3973 256 4043 computus
267 3986 328 4025 non
340 3967 419 4027 idem
428 3966 484 4027 sthi
498 3985 566 4027 cum
577 3965 746 4027 Authoruns
760 3972 911 4045 computo,
929 3981 1060 4045 [quorum
1071 3960 1185 4040 scripta

94 4067 163 4109 cum
182 4049 321 4111 evolvere
342 4051 401 4111 suit
417 4071 543 4111 necesae.
585 4045 729 4131 Exemplo
742 4058 814 4116 suat
826 4047 901 4109 haec
922 4046 1014 4107 verba
1027 4042 1102 4108 notri
1115 4039 1185 4108 τίοι

94 4126 194 4220 ,euod-
215 4132 296 4212 ίτος,
318 4156 385 4196 cuna
400 4136 559 4197 nonnullas
575 4145 643 4194 ants
662 4134 753 4195 lineas
766 4130 841 4197 ιιαταί
854 4128 890 4196 ro*
907 4126 1004 4216 ,caroffi
1026 4130 1090 4203 ίτος
1109 4127 1184 4189 sori-

94 4217 200 4298 pseait.
228 4216 285 4278 llic
300 4220 436 4299 Georgii,
457 4221 534 4281 alter
553 4219 699 4279 Panodori
712 4237 855 4278 numerus
868 4216 1025 4297 propriuss
1044 4211 1186 4291 etfiguris

93 4303 166 4363 licet
188 4302 293 4363 aflines
315 4307 412 4385 spatio
437 4314 534 4366 tamea
553 4324 700 4365 annorum
713 4311 825 4383 septem
841 4302 892 4362 rel
906 4309 976 4361 outo
999 4297 1096 4381 dissiti
1116 4316 1135 4354 a
1154 4314 1187 4356 se

93 4388 226 4452 ioricam
238 4399 415 4470 argamtar.
449 4393 506 4452 lter
520 4389 687 4474 paradoxa,
708 4397 797 4450 scats
814 4384 934 4465 Georgii
947 4403 1051 4461 meus,
1071 4389 1101 4442 et
1111 4398 1187 4460 quas
