3428 4998
544 390 606 459 ΕΤ
626 388 978 460 ANNOTATIONES.
1225 383 1299 454 371

232 544 295 655 psai
306 542 363 653 ede
377 543 585 655 smnioopo's,
600 538 761 653 ἕπνσταξαης
779 549 835 627 τῆς
854 538 1004 629 λάρνακος
1023 548 1082 612 roei
1097 551 1169 614 Nais
1189 546 1223 613 ἐν
1240 552 1291 611 soi

233 650 301 713 assos
313 656 376 707 sose
389 631 511 718 Apsoda
524 652 675 713 αναμενον
696 634 854 713 depastae
867 631 921 695 sod
934 631 1098 713 deodatus
1114 632 1149 697 is
1166 654 1209 718 sp
1220 639 1302 697 Aoo-

232 715 281 799 ssdo
298 713 358 800 does
378 716 569 804 καλουμένῳ,
589 716 683 782 insius
698 719 818 799 πρῶτον
836 718 1008 816 semisque
1028 719 1138 823 pisaeus
1156 714 1229 798 used
1248 714 1304 783 τὸν

231 799 422 883 mastuopdv
441 808 504 867 sair
527 797 710 886 ἆνθρόπων.
737 794 857 865 edesius
873 824 998 880 φυτευει
1016 807 1178 882 apatirion
1197 806 1268 865 Nais
1284 800 1309 868 o‘.

231 880 392 967 προφήτης,
413 881 550 968 οἰκιστής
565 909 596 951 ss
614 888 726 970 γίνεται
746 889 803 949 τοῦ
823 879 929 949 τόπον.
970 889 1047 946 Post
1065 885 1218 946 dilnvium
1233 907 1303 946 oum

232 973 259 1029 in
276 971 392 1030 Arornt
408 973 577 1047 montibus,
603 974 782 1030 Armeniam
805 973 884 1029 inter
901 981 928 1029 et
953 970 1105 1050 Gordyene
1125 975 1158 1031 in
1178 971 1305 1031 Labore

231 1055 294 1114 colle
309 1057 372 1115 Noe
385 1079 461 1115 area
477 1059 675 1129 constitisset,
697 1056 764 1113 illic
772 1059 878 1134 primo
891 1054 1048 1114 leontinum
1066 1055 1236 1115 secuntum
1253 1054 1305 1115 di-

231 1139 337 1200 luvium
357 1140 510 1201 dubitatio
523 1144 610 1218 suit,
638 1139 808 1219 ibidemque
831 1141 896 1200 Noe
917 1140 1074 1220 Propheta
1093 1142 1183 1201 ritem
1202 1161 1303 1200 ronse-

230 1227 281 1300 vit,
305 1246 343 1282 ar
353 1222 546 1283 donsicils'nrn
557 1227 724 1283 constituit.

301 1309 369 1385 Pag-
390 1310 443 1376 46·
463 1304 524 1372 Asai
537 1313 650 1391 γενεῶν
661 1303 726 1388 inst]
750 1305 1042 1367 Generationesilias
1056 1316 1126 1367 octo
1145 1327 1235 1388 supra
1247 1307 1305 1367 tri·

230 1390 315 1470 puta,
334 1411 462 1471 quarum
478 1393 528 1454 vel
551 1403 693 1472 paterno,
713 1391 762 1450 vel
786 1390 895 1450 deinde
914 1390 986 1450 belli
1006 1391 1074 1451 iure
1092 1392 1213 1472 propria
1225 1393 1305 1453 faeta

231 1486 270 1534 est
280 1477 454 1554 Palaestina,
479 1477 519 1537 sd
532 1477 713 1537 devastatam
729 1474 943 1536 Chaldaeorum
957 1477 1046 1535 armis
1058 1476 1304 1558 Hierosolymam,

229 1557 281 1617 hoe
293 1571 484 1623 recensentur
499 1561 613 1624 ordine.
657 1567 685 1628 1.
700 1560 870 1641 Arphaxad.
885 1567 915 1627 2„
932 1561 1052 1625 cainan.
1067 1564 1099 1627 3.
1113 1563 1189 1621 Sala.
1202 1563 1233 1628 4.
1245 1561 1303 1621 He-

229 1643 283 1704 bes.
297 1646 325 1711 6.
339 1645 458 1708 Phaieo.
475 1652 505 1714 6.
520 1648 631 1724 Ragau.
643 1653 673 1712 7.
686 1643 812 1706 saruch.
830 1649 860 1710 8.
874 1645 1004 1708 Nschor.
1020 1651 1048 1711 9.
1060 1644 1165 1708 There.
1183 1652 1231 1713 10.
1245 1646 1306 1707 Ab.

229 1726 328 1788 raham.
354 1736 407 1798 11.
423 1733 517 1792 issae.
548 1736 597 1798 12
615 1730 712 1793 iacob.
743 1733 791 1796 13.
810 1729 893 1789 luda.
919 1730 967 1796 14.
980 1729 1102 1793 Pheres.
1131 1732 1181 1798 15.
1200 1732 1305 1791 Esron.

231 1817 275 1879 16
290 1815 384 1878 tram.
415 1820 467 1882 17.
482 1815 653 1878 Aruinsdab.
685 1818 735 1882 18.
755 1814 887 1875 Nassson
916 1820 965 1881 19.
983 1816 1114 1879 Sulmou.
1141 1822 1192 1882 20.
1214 1816 1304 1879 Boos.
1394 1823 1400 1837 ‘

230 1903 274 1964 21.
287 1899 376 1964 0bed.
399 1907 452 1967 22.
465 1900 553 1963 Iesse.
573 1903 624 1967 23.
640 1899 744 1963 David.
766 1900 817 1966 24.
830 1900 979 1963 Salomon.
1000 1901 1051 1967 26.
1065 1898 1206 1960 Roboam.
1227 1900 1307 1961 Hinc

228 1981 307 2041 abin
321 1990 372 2051 26.
386 1985 445 2044 Asa
457 1992 509 2052 27.
526 1985 664 2067 iosaphat
679 1990 730 2052 28.
747 1984 843 2044 loram
857 1990 909 2051 29.
931 1984 1018 2044 Ozias
1033 1989 1084 2052 30.
1106 1983 1240 2045 lostham
1255 1989 1305 2051 31.

228 2065 317 2127 dahas
331 2071 381 2135 32.
403 2069 545 2136 Ezechias
560 2073 612 2137 33.
632 2070 780 2129 Manassae
797 2069 848 2135 34.
868 2069 966 2128 simon
983 2070 1035 2136 35.
1056 2069 1148 2130 iosias
1162 2073 1213 2136 36.
1235 2069 1307 2128 loa-

229 2147 290 2210 cbss
304 2157 353 2216 et.
374 2152 484 2214 ioacim
495 2158 546 2220 33.
558 2153 698 2215 ioschim
711 2157 764 2222 39.
793 2155 856 2213 Sub
871 2153 991 2214 Sedeeia
1003 2173 1127 2231 regnum
1140 2152 1308 2213 extinctum

227 2243 279 2294 est:
297 2234 345 2295 hio
357 2237 408 2302 40.
420 2248 521 2317 potest
533 2239 683 2299 numerari
701 2249 730 2297 et
744 2238 919 2298 emendandi
930 2239 1048 2297 numeri
1060 2242 1111 2303 38.
1126 2237 1158 2297 in
1173 2239 1222 2304 ‹10-
1238 2258 1308 2298 oau-

228 2337 282 2379 sssn
301 2319 385 2379 dare:
407 2321 466 2380 nisi
489 2322 592 2382 forsan
615 2322 762 2382 iuniorem
780 2320 891 2380 Cainan
915 2341 1034 2381 censeas
1060 2322 1307 2401 expungendum:

228 2422 280 2544 qap
293 2405 452 2548 prpepplito,
473 2404 753 2550 §domone'nudldic
768 2405 871 2547 scripit
884 2404 1003 2464 duthor
1011 2450 1021 2481 ,
1035 2405 1144 2551 [ligeum
1158 2407 1309 2549 23ῢῖἒῦ-

227 2505 280 2548 ue.
344 2508 365 2548 u
400 2508 495 2549 orsss
549 2508 587 2550 ue
651 2509 668 2549 e
736 2507 884 2564 ,urus
914 2507 1033 2549 uano
1105 2500 1168 2550 erat
1259 2510 1307 2567 au,

228 2569 358 2651 Georgius
373 2592 446 2633 usus
457 2583 511 2634 est.
527 2512 547 2571 q
775 2510 794 2569 q
954 2511 972 2569 p

302 2656 363 2720 Kal
378 2657 455 2721 nov
476 2652 580 2738 oxum
601 2656 757 2736 Templum
774 2653 964 2715 aSaiomone
977 2651 1152 2716 inchoatum
1164 2657 1248 2734 regni
1264 2678 1310 2717 se.

227 2739 326 2816 mado,
346 2749 377 2801 et
388 2718 494 2800 octav'o
512 2742 695 2822 perfectum,
718 2738 825 2799 deiude
836 2740 942 2799 aetatis
955 2739 1132 2800 duodecimo
1145 2741 1311 2821 rempubli-

227 2840 286 2883 esm
295 2825 456 2906 suscepisse
471 2825 751 2898 administrandam,
773 2844 808 2882 ac
822 2824 948 2905 proinde
961 2825 1042 2885 vitae
1065 2825 1207 2904 vigesimo
1230 2836 1310 2885 tem-

226 2908 268 2986 pli
281 2910 385 2969 molem
400 2910 440 2970 ad
460 2910 579 2969 culinen
601 2909 740 2969 eduxisse
756 2908 900 2988 Georgius
925 2911 1075 2989 opinatur.
1115 2911 1151 2970 ld
1169 2930 1231 2969 non
1253 2911 1309 2970 ob-

227 3009 304 3052 scure
316 3003 464 3056 testentur
478 2995 541 3053 eius
555 2994 592 3053 de
604 2991 771 3054 Salomonis
789 3014 881 3073 regno
897 2994 1026 3074 scripta,
1048 3003 1131 3055 utet
1159 2995 1270 3055 ibidem
1291 3016 1310 3055 a

227 3073 352 3138 turario
373 3079 407 3138 in
429 3078 561 3156 margine
582 3088 724 3139 annotata
749 3098 815 3158 pag.
839 3082 910 3145 181.
932 3079 964 3139 C.
985 3081 1057 3138 Post
1075 3100 1187 3139 annum
1209 3080 1311 3160 itaque

228 3162 324 3221 mundi
339 3168 431 3231 2791.
444 3163 608 3223 numeratis
624 3169 714 3230 1687.
727 3184 796 3223 cum
810 3163 881 3223 anni
902 3173 1084 3242 consurgant
1106 3166 1198 3230 4478.
1215 3164 1310 3246 (quae

229 3246 368 3326 estpiirna
388 3257 488 3307 textus
512 3247 685 3328 castigatio)
703 3257 877 3309 numeratur
901 3250 1013 3329 pariter
1025 3248 1205 3308 Salomonioi
1224 3251 1309 3337 regni

227 3347 315 3391 annus
327 3341 448 3393 octavus
462 3334 606 3393 etaetatis
622 3332 685 3393 eius
700 3334 862 3393 vicesimus
885 3332 980 3414 (quae
1000 3341 1043 3392 ost
1064 3334 1193 3392 secunde
1213 3354 1310 3394 emen.

229 3412 319 3497 datio)
335 3417 373 3476 ad
390 3439 514 3496 reguum
530 3419 642 3500 quippe
656 3419 792 3479 admotus
804 3428 849 3478 est
861 3439 879 3477 a
892 3417 985 3477 natali
1003 3437 1082 3477 anno
1097 3418 1284 3480 duodecimo.

302 3498 334 3565 ‘O
349 3500 401 3565 ned
423 3502 560 3581 ἔφθασεν
575 3505 619 3577 εἰς
637 3499 671 3566 sd
686 3496 781 3582 doon'.
806 3504 884 3579 isne,
905 3499 973 3584 ἤτοι
992 3498 1026 3566 sd
1040 3497 1076 3565 si.
1097 3506 1153 3583 τῆς
1170 3501 1310 3582 ἡλικίας]

227 3580 270 3643 Ex
283 3585 398 3663 Georgii
413 3587 553 3669 scriptis,
578 3586 696 3648 Eusebii
710 3588 836 3669 scripta,
858 3598 888 3646 et
899 3607 937 3646 ex
951 3586 1017 3646 eius
1040 3598 1198 3666 computo,
1219 3587 1310 3646 isuius

227 3672 508 3836 tttttmittt
511 3672 1311 3838 ¹1:135.⁵titii.titttttti‘titztt'titt

228 3837 342 3901 ealouiis
357 3841 478 3921 adaptet
494 3842 605 3903 videsis
616 3844 739 3918 Lector,
762 3852 792 3902 et
806 3841 935 3901 hominis
954 3843 1103 3902 iudicium
1124 3843 1240 3902 mirare.
1283 3844 1311 3902 A

228 3923 322 3983 mundi
338 3936 408 3986 ortu
422 3927 460 3986 ad
475 3927 622 3988 Abraham
636 3928 714 3988 diem
734 3926 863 3987 natalem
877 3948 970 3987 anuos
984 3928 1079 3994 3184.
1094 3927 1236 3987 Eusebius
1251 3947 1312 3987 nu·

228 4017 325 4084 marat,
348 4011 535 4073 Salomonem
553 4033 624 4074 vero
644 4012 885 4093 postdbrsbasni
904 4022 1003 4073 ortum
1022 4022 1052 4072 et
1067 4033 1161 4072 annos
1178 4017 1250 4079 980.
1272 4011 1311 4069 ad

227 4092 332 4170 regium
351 4096 460 4155 solium
486 4098 651 4157 escendisse
672 4099 780 4173 refert,
801 4097 896 4157 idest
918 4099 1057 4157 emundi
1077 4097 1201 4156 conditu
1216 4097 1309 4162 4164.

228 4176 297 4237 adde
308 4180 463 4240 condendo
478 4183 589 4262 templo
601 4202 694 4241 annos
706 4187 735 4248 8.
749 4183 905 4262 requisitos
912 4184 950 4243 ad
957 4183 1123 4243 Salomonis
1134 4201 1245 4241 aunum
1258 4188 1309 4247 20.
1343 4214 1354 4237 ‹

228 4257 307 4337 (mm
324 4265 434 4325 etenim
459 4275 493 4326 ut
514 4276 586 4327 note
607 4268 746 4346 superior
765 4268 850 4327 testis
869 4279 930 4344 est,
951 4268 1079 4347 requirit
1098 4267 1200 4326 aetatis
1219 4266 1310 4340 ratio,

228 4360 395 4418 qtsseauss
408 4361 499 4411 estut
513 4350 632 4432 ἡλικίας
647 4371 707 4411 nou
724 4353 875 4432 βασιλείας
885 4352 937 4414 bio
948 4354 1062 4415 lectum
1075 4346 1183 4433 eelim)
1201 4370 1313 4410 asinum
