2946 4996
531 373 839 470 nrs'snnrenn
1185 384 1229 456 11

144 552 248 618 laudas
268 552 400 636 Georgio
416 564 521 616 nostru
540 553 672 615 tribuere
686 575 857 635 possumus,
877 554 985 636 quibus
999 552 1129 634 Scaliger
1139 552 1233 616 Euse-

145 641 224 704 bium
250 641 429 702 accumulet.
470 640 581 698 Omnes
601 640 662 700 fere
676 641 851 719 ecriptoree,
876 660 893 700 e
911 642 1018 719 quibus
1033 661 1080 701 res
1094 650 1190 719 gestae
1203 649 1235 701 et

142 723 294 787 finitiones
306 734 474 805 temporum
491 723 590 803 colligi
602 732 750 804 poterant,
771 734 973 804 perscrutatus
987 735 1045 802 eet,
1065 726 1163 785 varias
1175 744 1235 785 nae·

141 802 238 871 tiendi
249 808 393 890 temperis
408 809 537 870 rstiones
553 809 709 889 diligenter
721 810 801 870 inter
815 830 847 871 se
861 810 1004 883 contidit,
1026 829 1120 889 noque
1129 810 1236 870 imme-

141 893 202 955 rito
219 913 238 951 e
252 892 433 975 Theophane
444 903 604 954 coaetaneo
615 893 878 972 πολυμαθέστατος
887 894 1036 957 laudatur.
1070 895 1113 952 Nc
1126 904 1235 968 sutem,

143 976 226 1058 quod
238 997 345 1038 rerum
360 987 414 1053 est,
437 977 638 1038 dissimulem:
659 979 777 1038 loborat
789 980 933 1058 Georgius
945 979 1019 1039 vitio
1030 978 1160 1038 omnium
1174 980 1238 1040 lere

143 1060 382 1123 Christianorum
402 1061 613 1122 historicorum
622 1106 631 1140 ,
661 1064 714 1141 qui
729 1063 903 1124 historicum
917 1074 1009 1124 artem
1026 1064 1087 1122 scre
1103 1072 1238 1123 coutem-

143 1155 251 1208 neutes
272 1148 350 1208 exile
369 1146 521 1227 quoddam
543 1146 691 1227 nimieque
708 1147 821 1207 siccum
833 1149 1007 1208 scribendae
1024 1146 1166 1207 historiae
1186 1168 1240 1226 ge·

142 1251 201 1292 aas
212 1232 332 1312 sequuti
347 1241 433 1309 sunt,
454 1231 496 1291 itu
511 1240 559 1309 ut,
581 1231 723 1312 quicquid
737 1232 786 1292 vel
800 1232 833 1291 in
848 1229 1010 1293 hocillore
1025 1232 1104 1292 libro
1124 1250 1241 1292 raemo-

142 1316 237 1377 rshile
257 1316 414 1396 legissent,
436 1316 627 1393 adnotarent,
648 1315 751 1398 paucis
773 1326 808 1376 ut
827 1318 990 1398 plurimum
1006 1317 1121 1393 verbis,
1142 1316 1241 1377 rarius

143 1399 288 1483 (maxime
305 1402 337 1460 iu
357 1401 476 1461 Iudaica
489 1399 628 1483 historia)
651 1420 718 1463 curn
733 1401 829 1482 eliqua
843 1402 1054 1462 adiunctorum
1069 1420 1242 1461 causarum-

143 1505 200 1566 que
221 1485 413 1561 recensione,
444 1486 541 1547 omnis
558 1485 672 1566 generis
695 1506 743 1547 res
761 1488 935 1563 miecentes,
960 1507 1017 1562 nec
1039 1486 1127 1546 facile
1146 1485 1241 1546 alium

143 1570 281 1632 onliuem
296 1580 458 1648 servantes,
480 1591 567 1652 quam
583 1592 672 1651 quesn
685 1572 735 1631 vel
750 1580 866 1651 tempus
877 1571 929 1631 vel
943 1571 1078 1651 exempla
1092 1591 1145 1630 sua
1158 1588 1244 1652 prae·

43 1648 48 1659 ’
142 1654 252 1717 hebent
263 1653 301 1737 ⁸).
345 1657 490 1734 Georgius
508 1656 647 1737 inprimie
668 1654 778 1715 nimius
803 1664 848 1714 est
869 1655 903 1714 in
925 1652 1031 1713 iisdem
1051 1656 1161 1714 iterum
1183 1653 1244 1716 ite·

141 1758 269 1819 rumque
288 1740 472 1821 repetendis,
492 1741 620 1801 maxime
633 1740 667 1798 in
678 1738 947 1821 vituperationibus
960 1738 1090 1797 aliorum
1102 1737 1243 1799 Chrono-

141 1823 344 1906 graphoruna,
366 1834 454 1905 etque
474 1825 508 1883 in
527 1823 708 1907 perturbetis
729 1844 876 1886 annorum
892 1822 1023 1884 numeris
1037 1822 1245 1903 erroribusque

142 1908 354 1986 hbrsriorum,
374 1908 510 1988 quamvis
530 1909 667 1990 paginam
691 1908 790 1991 operis
805 1908 993 1985 vitiantibus,
1015 1927 1103 1989 saepe
1121 1907 1246 1968 difficile

142 2004 188 2055 est
199 1994 381 2071 diiudicata,
402 1994 663 2074 contradictiones,
675 2015 752 2074 quae
763 2003 936 2071 occurrunt,
957 2003 1060 2054 utrum
1073 1993 1189 2054 auctori
1205 2012 1245 2052 en

142 2077 267 2138 librario
296 2076 495 2158 iniungendee
519 2079 587 2141 siat.
614 2111 658 2128 -
685 2072 783 2140 babor
804 2098 876 2140 vero
904 2077 986 2138 baud
1008 2077 1160 2139 iucundus
1189 2084 1245 2155 est,

142 2161 177 2223 in
188 2162 271 2223 libro
283 2162 410 2242 legendo
424 2163 544 2243 lihnun,
563 2185 652 2247 quem
663 2164 794 2236 lecturus
807 2184 848 2241 es,
860 2184 877 2224 e
891 2163 1010 2236 litteris,
1021 2163 1155 2243 syllabis,
1175 2181 1245 2223 ven·

142 2246 189 2309 bis
208 2247 403 2330 numisque
421 2250 572 2331 corruptis
594 2250 767 2312 restitueres
787 2248 822 2310 id
841 2248 924 2329 qaod
941 2249 974 2307 in
993 2248 1120 2326 Georgio
1138 2255 1244 2308 nostra

142 2332 259 2414 ssepius
281 2331 349 2394 lieri
366 2354 487 2395 necesse
507 2345 561 2399 est
584 2367 629 2384 -
658 2336 762 2397 Gooro
785 2334 878 2414 igitur
897 2334 1008 2411 gratiss
1029 2331 1139 2403 habere
1153 2331 1245 2392 debe-

143 2436 228 2493 mus,
250 2417 333 2496 quad
353 2417 486 2480 lahorem
502 2420 743 2481 molestissimum
756 2418 836 2480 hanc
847 2416 1117 2498 chronographiam
1131 2414 1246 2477 descri-

142 2500 235 2562 beudi
247 2501 416 2583 edendique
431 2525 492 2564 non
505 2505 667 2572 recusarit.
701 2504 811 2566 Multos
824 2524 964 2564 numeros
979 2501 1124 2576 correxit,
1142 2498 1246 2560 multis

142 2585 220 2647 lacis
236 2605 358 2647 tensum
371 2586 516 2663 reddidit,
534 2599 575 2666 et,
596 2590 679 2670 quasi
695 2588 855 2671 pugnando
871 2588 1022 2664 ingenium
1036 2584 1101 2645 eius
1115 2584 1247 2644 maxime

143 2671 311 2749 excitetur,
332 2670 366 2731 iu
383 2671 420 2731 iis
433 2673 509 2734 locis
521 2694 607 2754 saepe
617 2694 723 2735 verum
736 2673 867 2751 tetigisse
881 2671 1018 2747 videtur,
1040 2669 1073 2729 in
1090 2668 1198 2749 quibus
1212 2667 1248 2728 in

143 2755 289 2837 saligni
306 2754 504 2817 temeritatem
524 2756 658 2831 invehit3
683 2777 862 2838 quamquam
875 2755 1027 2816 interdum
1042 2773 1164 2836 quoque
1179 2762 1247 2813 stu-

144 2839 196 2902 dio
215 2861 272 2902 suo
291 2850 485 2924 praereptus,
504 2862 610 2905 verum
635 2842 718 2922 quod
738 2842 868 2921 Scaliger
887 2841 1059 2915 invenerat,
1081 2860 1144 2900 non
1156 2838 1247 2903 vidit.

144 2925 187 2983 Ut
207 2926 290 2986 enim
301 2927 429 3005 ingenue
443 2928 552 3005 fatear,
574 2928 656 3010 quod
667 2928 776 2989 sentio:
799 2925 930 3005 Scaliger
946 2925 1065 3006 quidem
1081 2924 1188 2985 nimius
1203 2932 1249 2985 est

145 3016 176 3069 et
186 3006 220 3067 in
237 3009 364 3072 Eusebio
375 3011 527 3074 laudando
541 3022 573 3074 et
584 3014 618 3073 in
633 3013 760 3092 Georgio
774 3011 988 3093 vituperando,
1011 3009 1161 3088 ingenium
1175 3027 1248 3068 vero

144 3091 374 3173 doctrinamque
392 3097 547 3178 Scaligeri,
567 3098 696 3159 maxime
713 3097 747 3157 in
764 3096 851 3156 rebus
870 3093 1109 3173 chronologicis,
1131 3093 1248 3153 notras

143 3176 237 3256 longo
260 3178 358 3257 spatio
379 3199 441 3241 non
456 3194 634 3262 assequutus
654 3191 715 3260 est,
737 3181 887 3262 aliumque
900 3179 1060 3257 Georgium
1074 3178 1248 3256 legerenru,

142 3259 305 3325 nonnullis
319 3261 437 3341 quidem
453 3268 579 3328 sortasse
588 3268 622 3327 in
633 3266 710 3329 locie
723 3266 787 3339 acri
800 3266 924 3326 audacia
941 3263 1126 3341 csstigatum,
1141 3261 1165 3322 si
1178 3263 1249 3321 Sca·

142 3347 222 3429 liger
242 3353 345 3406 tatum
367 3346 517 3409 edidisset
559 3353 700 3413 (ὶοιιίιιιι
716 3352 802 3427 locs,
823 3371 899 3430 quae
914 3347 1062 3409 Chronico
1079 3345 1248 3407 Eusebisno

144 3440 176 3494 et
188 3431 274 3493 uotis
285 3429 427 3493 inseruit:
449 3431 571 3517 (gratiss
585 3435 724 3497 debemus
737 3437 854 3511 Goaro,
875 3432 956 3514 qaod
970 3430 1091 3512 paginas
1106 3429 1249 3492 chronici

144 3516 307 3583 l’usebisui
328 3515 452 3595 adiecit,
473 3518 626 3598 inquibus
646 3521 811 3600 Georgiana
824 3513 976 3598 leguntur)
996 3515 1185 3598 dolebisque,
1205 3515 1249 3574 its

145 3612 329 3663 exornatam
342 3609 440 3662 totum
454 3602 597 3664 volumen
610 3624 672 3664 non
685 3604 842 3686 prodiisse.
859 3635 899 3649 -
917 3601 1028 3662 Partim
1042 3612 1077 3662 ut
1091 3621 1168 3684 qnae
1182 3597 1259 3659 dixi'

145 3687 288 3766 probeat,
308 3686 420 3768 partiat
433 3696 470 3748 ut
486 3688 679 3749 conniventia
693 3689 840 3749 lectorum
852 3686 961 3766 dignus
980 3685 1100 3761 videar,
1129 3686 1155 3746 si
1171 3681 1249 3743 nibil

147 3770 224 3829 certi
234 3780 367 3835 sescum
379 3779 484 3852 potero
498 3781 551 3834 eut
562 3772 589 3832 si
604 3773 783 3850 coniecturis
798 3765 977 3852 indulgebo,
998 3791 1037 3834 ex
1051 3770 1125 3853 ipsis
1140 3766 1249 3850 primis

147 3853 264 3933 paginis
279 3856 349 3916 locs
364 3856 510 3936 quaedam
525 3868 666 3941 corrupta
681 3878 842 3942 excerpere
855 3857 957 3921 liceat.

231 3954 300 4036 lpss
317 3958 416 4039 prims
437 3959 530 4022 verba
550 3954 691 4023 chronici
714 3982 746 4045 p.
765 3966 794 4029 1.
817 3960 855 4021 sb
877 3959 993 4021 editore
1013 3976 1077 4018 non
1097 3951 1248 4014 intellecta

150 4055 229 4116 Νι
251 4048 283 4100 ⁸²
296 4040 502 4126 interpunctio
514 4055 546 4108 et
559 4046 657 4109 versio
677 4042 772 4107 letina
790 4046 917 4107 docente
938 4052 1009 4126 poet
1027 4034 1171 4119 παρήχθη
1184 4057 1248 4098 uon

151 4121 390 4208 ὴῑηιιιὶιιιη
404 4131 797 4212 eumoonengannn
811 4130 950 4211 ,noent
961 4122 1159 4209 prereptum,
1172 4122 1248 4201 uo,

182 4306 813 4451 ⁸)‘fflqceetestcbnoaicstdeditlevb
837 4309 940 4368 ronl
962 4304 1108 4382 p.1-tt
1132 4302 1248 4377 (Miu-
