3428 4998
726 1092 779 1159 ΙΝ

250 1220 1264 1344 esoner1n0nnce1

354 1393 804 1474 SANCTISSIMI
843 1396 1129 1472 Ttttitstl

448 1563 769 1615 consrrtrtrtttoeot..
797 1566 1046 1615 rt'rtttttltcttte

507 1683 537 1769 S
567 1682 611 1768 Y
638 1683 676 1771 N
705 1680 740 1771 C
769 1683 806 1771 Ii
834 1684 872 1770 L
901 1682 939 1768 L
968 1682 989 1768 Ι

292 1843 666 1914 commortuae
703 1845 1206 1922 cenonoensrmcs,

406 1983 439 2041 Ρ.
461 1983 560 2042 lncoar
582 1984 672 2042 Goss
692 2003 811 2043 onosma
833 2003 1087 2045 rastisrcsrnsuss

374 2111 1121 2217 snsnnariones

526 2265 587 2333 ET
614 2264 966 2335 ANNOTATIONES.

289 2485 356 2566 Peg.
379 2492 406 2555 1.
426 2480 477 2551 Ἐν
490 2480 571 2574 dorp
582 2485 722 2569 ἐποίησιν
736 2484 753 2554 d
765 2481 841 2563 θεὸς
854 2484 905 2556 sdr
918 2484 1050 2572 edoardo
1065 2487 1117 2556 ecl
1132 2485 1191 2572 seir
1203 2485 1285 2571 reim]
1301 2486 1335 2544 V·
1354 2493 1369 2546 l

218 2564 299 2641 Qum
321 2593 437 2633 acerram
459 2594 493 2633 ao
512 2572 677 2648 theatrum,
707 2572 867 2652 inquibus
887 2578 988 2656 superi
1007 2575 1205 2655 mortalesque
1222 2592 1291 2633 suaa

216 2653 317 2733 quique
329 2678 467 2739 personas
481 2667 583 2735 agunt:
606 2666 712 2717 cuncta
726 2658 870 2719 Vanitatis
883 2659 1063 2737 ludibrium,
1084 2660 1189 2720 ttonts
1200 2657 1292 2718 simu-

216 2735 296 2816 lacra,
316 2743 424 2821 quibus
435 2741 509 2801 ltine
525 2740 748 2817 cachinnorum,
771 2741 1066 2824 indolacbrynmrum
1080 2743 1223 2828 praebent
1240 2763 1291 2803 sr-

214 2835 356 2897 qunseata:
384 2828 434 2886 nbi
451 2827 538 2887 nobis
559 2836 723 2906 postremos
740 2827 818 2887 inter
830 2825 964 2888 bornines
981 2831 1075 2905 natis,
1097 2839 1127 2890 et
1139 2838 1291 2909 spectato-

214 2925 273 2967 rum
289 2910 368 2971 vices
386 2910 601 2971 sustinentibus
618 2911 761 2972 maiorum
784 2922 849 2970 acta
865 2912 1013 2975 Historiae
1033 2924 1063 2974 et
1077 2914 1291 2992 chronologiae

213 3006 394 3055 marruments
411 3004 653 3077 repraesentant,
679 3007 714 3056 ut
729 2995 848 3056 tandem
869 2999 1045 3077 spectaculis
1064 2997 1147 3059 bisce
1162 2998 1291 3058 inasriter

212 3078 301 3154 pasti,
328 3081 473 3160 rebusque
497 3080 665 3163 praeteritis
692 3080 777 3142 velut
800 3084 1004 3161 praesentibus
1031 3083 1148 3153 allecti,
1174 3093 1291 3162 partem

214 3160 333 3237 fabulae,
354 3187 444 3246 quam
458 3166 586 3225 mundus
603 3166 663 3244 agit
676 3176 706 3226 et
718 3166 857 3246 inspicit,
879 3170 1028 3249 nosipsos
1047 3167 1262 3246 profiteremur.

292 3253 354 3312 Toni
381 3249 413 3313 dl
436 3244 514 3332 παρ’
539 3251 715 3330 Αἰγυπτίοις
741 3247 873 3330 ἑβδόμου
901 3249 993 3331 μηνός
1015 3246 1097 3331 ctist]
1128 3250 1251 3311 ludaeos
1272 3271 1291 3310 a

213 3347 303 3391 meuse
323 3334 413 3393 Nissn
433 3335 513 3393 circs
532 3353 658 3394 verrium
676 3335 897 3413 aequinoctium
918 3336 1157 3396 [eclesiasticum
1179 3355 1291 3396 aurium

211 3416 351 3496 auspicari
361 3418 437 3478 nulli
447 3417 503 3477 nisi
512 3418 728 3498 scripturarum
740 3418 844 3497 ignaro
858 3419 992 3480 dubium.
1011 3420 1150 3502 Aegyptii
1164 3440 1291 3500 quorum

211 3518 300 3560 uanus
311 3503 409 3564 civilis
420 3505 492 3571 365.
504 3503 619 3562 dierum
632 3503 779 3575 circulum
792 3512 860 3563 anto
874 3505 1022 3566 devictum
1036 3505 1198 3566 Antonium
1216 3525 1292 3566 nurt-

210 3603 292 3663 quam
313 3590 454 3667 excessit,
479 3587 636 3668 repudiato
654 3588 795 3649 niosirum
812 3588 982 3651 intercalari
1003 3611 1098 3671 anno,
1125 3611 1213 3671 quem
1234 3609 1291 3649 nas

209 3667 371 3734 bissextum
379 3674 514 3749 dicimus,
531 3673 655 3751 singulis
670 3673 883 3753 quadrienniis,
904 3676 968 3736 eius
983 3697 1068 3756 quem
1085 3676 1221 3737 addimus
1234 3674 1292 3734 tle·

210 3753 303 3828 fectu,
331 3759 378 3818 die
392 3779 454 3819 uno
474 3758 656 3838 principium
673 3758 743 3818 antri
758 3759 997 3840 praeveniebant.
1039 3763 1108 3823 Illis
1129 3765 1222 3834 enim,
1242 3757 1293 3817 irr-

209 3842 270 3916 quit
286 3843 447 3922 Gentinos,
468 3864 562 3922 neque
573 3845 629 3903 Sol
644 3864 776 3921 annum,
801 3866 895 3924 neque
908 3849 1004 3906 Larsa
1023 3868 1151 3907 mensem
1171 3864 1292 3922 compo-

210 3926 270 3985 nitr
296 3927 351 3986 secl
366 3932 494 4008 priratts
516 3929 576 3988 sibi
591 3932 709 3988 ratione
721 3932 891 3989 metiuntur·
909 3942 1087 4012 utrumqne,
1118 3941 1153 3989 ut
1171 3930 1293 4009 patrios

208 4013 426 4090 sacrificiorum
453 4015 549 4089 ritus,
575 4013 762 4072 meridiebus
788 4018 928 4091 staticus,
955 4015 1009 4074 sed
1033 4015 1214 4089 mobilibus,
1236 4034 1292 4092 per

209 4112 304 4153 amem
324 4101 400 4156 reris
420 4101 549 4157 aestiuis
565 4102 710 4157 autunms'
732 4110 759 4157 et
779 4100 895 4178 hyemis
915 4111 1102 4178 tempestates
1119 4109 1290 4180 peragant:

207 4200 296 4257 eoque
309 4184 371 4258 fine
388 4204 469 4241 cursio
484 4204 518 4240 ea·
532 4181 690 4242 desederint
711 4185 863 4243 muribus
875 4186 1047 4242 tricenariis
1063 4187 1196 4261 singulis
1218 4203 1292 4242 eort-

200 4264 296 4340 stato,
320 4278 439 4344 epactas
452 4266 574 4346 quidem
587 4267 707 4328 addunt
720 4272 855 4349 quiaque
869 4268 934 4327 dies
940 4290 952 4342 ,⁰
964 4271 1046 4345 festi
1060 4291 1128 4329 rere
1141 4280 1289 4348 postremo

206 4349 345 4409 celebrati
361 4353 578 4412 solenusitotem
594 4356 802 4433 metoparum
820 4351 1024 4434 quadrarum
1039 4351 1100 4413 diet
1120 4376 1180 4415 nors
1200 4357 1291 4415 inter·
