2946 4996
527 430 782 502 PRAEFATIO.
1157 421 1208 497 65

119 591 236 655 iuleitao
256 588 360 653 Mosen
377 610 395 651 s
413 587 520 652 mundi
533 591 656 653 condita
669 593 762 659 3782
776 588 854 651 lueis
868 597 898 650 at
911 589 990 651 ritae
1003 589 1115 651 saetam
1130 610 1206 653 eon·

118 688 243 753 sortem,
263 676 438 738 succedente
457 677 648 758 postmodnm
663 676 771 736 mnndi
791 678 885 743 3812
910 675 1043 757 captivos
1058 676 1204 739 ls1·selitaa

118 782 152 823 sa
172 763 308 842 aegypto
330 761 469 823 liberatos
486 770 568 822 trans
588 781 669 824 mare
687 762 813 822 rubrum
833 759 865 819 in
885 759 1034 822 desertum
1056 761 1202 841 eduxisse,

115 844 185 907 haec
201 866 264 907 non
286 845 344 906 nisi
371 848 463 914 3737.
489 844 593 910 Mosen
607 856 722 923 ortum,
742 847 835 913 3316.
851 844 959 907 deinde
973 845 1079 906 ducem
1098 847 1202 928 prole-

116 931 221 992 ctionis
238 931 350 1012 populo
365 950 397 991 se
414 929 527 992 dedisse
544 941 665 992 namra
687 930 830 1010 Babylam
846 930 902 990 sub
915 927 1005 991 Decio
1022 929 1114 991 iidem
1129 952 1201 991 asn-

19 1050 21 1055 >
114 1017 201 1095 gains
212 1017 344 1075 munnae
360 1034 425 1095 pag·
441 1017 513 1082 368.
531 1015 564 1078 C.
578 1016 632 1076 sub
644 1015 824 1077 Numeriano
836 1035 905 1095 pag.
920 1018 993 1082 336.
1005 1014 1041 1077 Β.
1057 1025 1202 1078 memorat

115 1101 255 1161 omnum.
296 1097 514 1180 Praeterlapsos
529 1100 566 1160 ab
581 1098 743 1161 Alexandri
758 1108 854 1160 morte
871 1109 902 1159 et
919 1098 1052 1158 stabilita
1068 1100 1201 1160 Graeco·

113 1204 180 1245 rum
194 1185 319 1266 imperio
333 1184 371 1243 nd
388 1183 466 1244 illud
480 1185 558 1245 idern
574 1186 695 1266 penitus
709 1203 845 1246 eversum
863 1192 893 1243 et
909 1184 1080 1265 Cleopatrae
1095 1204 1198 1247 necem

114 1270 190 1349 apud
202 1268 373 1348 syncellum
388 1268 466 1328 sorte
479 1269 613 1350 requires
628 1269 745 1330 annos?
765 1267 891 1332 Eosdem
903 1288 1027 1328 numero
1041 1271 1112 1335 298.
1126 1290 1200 1330 mcx

113 1356 180 1421 000.
194 1353 263 1412 alibi
278 1356 350 1418 302
364 1352 633 1434 circumscripsisse
648 1363 786 1414 notarum
797 1373 863 1434 pag.
877 1355 927 1419 30.
942 1353 997 1412 auh
1009 1353 1126 1413 initium
1143 1354 1199 1414 de-

116 1439 214 1498 clarat.
255 1438 350 1496 Taceo
363 1436 577 1518 Imperatorum
592 1439 671 1498 inter
694 1458 756 1498 sese
776 1447 807 1496 et
830 1457 900 1496 eum
922 1436 1100 1497 Pontificum
1120 1447 1199 1497 aeta·

112 1521 186 1581 trhus
198 1520 350 1581 discordes
365 1522 579 1601 lmperatorum
591 1543 701 1599 nniaos,
723 1543 797 1602 quos
810 1520 860 1580 vel
872 1521 904 1580 in
917 1540 1093 1580 consensum
1106 1541 1199 1583 revo-

113 1616 196 1682 cant,
217 1606 267 1665 vel
283 1604 316 1664 in
332 1605 438 1664 melius
455 1607 618 1667 restituunt
635 1605 764 1668 scholia:
786 1614 817 1666 et
835 1625 909 1685 quae
927 1604 1044 1666 demum
1059 1606 1197 1667 l’etsvius

111 1710 163 1770 pro
180 1688 320 1766 solertia,
341 1690 391 1749 vel
406 1710 444 1749 ex
466 1691 527 1750 veri
550 1691 783 1770 prosequutione
802 1691 931 1766 Scaliger
947 1690 1010 1768 ipse
1029 1690 1061 1748 in
1079 1691 1197 1769 Georgii

111 1774 226 1854 scriptis
240 1772 451 1855 deprehendit,
475 1773 548 1833 vitia
563 1785 723 1855 praetereo.
756 1773 937 1832 Corrcludam
952 1772 1045 1833 verbo
1060 1792 1197 1835 commo·

111 1859 191 1936 dius,
220 1859 303 1938 quod
324 1857 462 1937 pluribus
484 1877 634 1939 exponere
657 1879 815 1918 onerosum
843 1866 873 1942 et
894 1875 992 1935 grave.
1040 1858 1195 1937 syncellus

110 1942 367 2022 πολυμαθέστατος
386 1950 416 2000 et
435 1936 666 2024 ἐλλογιμώτατος
684 1940 895 2022 οΤΙιοομλιαηα
914 1939 1033 2001 habitus
1053 1942 1087 2001 in
1102 1963 1196 2004 unum

110 2026 233 2086 coniecit
248 2025 396 2106 plurimae
418 2024 495 2087 nihil
516 2027 599 2107 qnod
621 2027 660 2086 ad
677 2027 837 2088 Historiam
853 2025 982 2106 tempori
1003 2025 1196 2089 coniunctam

110 2112 250 2191 pertinet,
273 2109 390 2184 omisit,
410 2129 479 2169 rere
501 2107 673 2194 ἔλλόγιμοςι
702 2131 740 2170 ex
758 2109 884 2170 diversis
899 2110 983 2169 varia
997 2111 1195 2189 coacervavit,

111 2196 228 2274 digessit
242 2195 364 2270 ordine,
386 2214 461 2273 quas
475 2195 512 2254 ad
527 2198 689 2275 perlectum
704 2205 734 2256 et
748 2214 897 2256 summum
911 2193 1057 2273 fastigium
1070 2195 1195 2259 evehere

110 2299 186 2340 sacra
207 2277 376 2360 prohibuit:
399 2298 490 2358 quare
507 2280 584 2359 quod
602 2280 638 2338 de
652 2280 783 2341 Historia
799 2279 1003 2360 prosequenda
1018 2279 1107 2340 sibia
1127 2302 1194 2341 mo·

110 2364 202 2425 rituro
222 2364 427 2424 commendata
449 2365 567 2445 scripsit
586 2364 797 2447 Theophanes,
825 2363 863 2425 de
884 2363 1126 2445 chronographia
1142 2386 1194 2428 re-

109 2448 179 2510 licta
194 2449 225 2507 in
237 2448 342 2507 melius
358 2448 538 2509 emendanda
552 2449 647 2510 sidens
662 2448 884 2531 pronunciabo:
906 2450 1012 2530 βίβλον
1021 2445 1061 2531 ἢν
1073 2449 1194 2514 συνέτα-

110 2532 157 2608 ξεν
171 2527 258 2612 drale}
273 2531 482 2605 καταλέλοιπε,
503 2533 555 2597 ιιαλ
574 2527 907 2616 &praetereantque
926 2533 1098 2598 λλλτίποντα
1120 2530 1193 2598 eiua-

109 2620 274 2697 marana:
296 2617 420 2694 librum,
442 2639 530 2698 quem
544 2630 752 2700 composuerat
766 2619 890 2698 reliquit
904 2619 1117 2697 imperfectum,
1135 2640 1193 2677 oe-

110 2705 315 2780 easinrsemque
332 2701 429 2760 simiel
437 2703 600 2783 praebuit,
621 2716 656 2763 ut
670 2726 748 2785 quae
760 2701 1002 2761 desiderarentur
1017 2705 1052 2761 in
1066 2703 1120 2761 illo
1134 2703 1193 2762 alii

108 2787 216 2865 explere
231 2784 475 2867 aggrederentur.
517 2789 773 2850 Animadverterat
793 2786 929 2866 equidem
945 2787 1033 2864 longe
1046 2807 1093 2846 me
1105 2787 1190 2867 prius

109 2889 219 2932 errores
240 2870 339 2952 operis
355 2872 440 2931 istius
458 2874 651 2954 praecipuos,
681 2873 732 2954 qui
750 2872 829 2932 libro
849 2871 980 2951 Syncelli
999 2870 1190 2932 describendo

108 2965 175 3014 ante
186 2976 278 3015 annos
293 2966 447 3016 sexcentos
462 2978 582 3038 operam
595 2956 730 3019 exhibuit
750 2955 952 3033 amanuensis,
972 2957 1020 3014 vel
1035 2957 1110 3017 alter
1118 2976 1192 3016 rur·

108 3057 158 3097 sua
175 3041 343 3120 antiquior,
371 3048 402 3099 at
424 3052 503 3102 rorte
521 3043 571 3121 vir
592 3063 655 3103 non
675 3042 830 3124 imperitae
851 3049 881 3101 et
899 3040 944 3101 rei
961 3038 1192 3119 chronologicas

108 3121 243 3201 ignarus,
263 3143 302 3183 ex
316 3124 401 3185 cuius
417 3127 579 3209 exemplari
598 3128 659 3189 llS.
681 3137 815 3188 nostrum
837 3123 918 3185 istud
939 3125 1036 3185 luerat
1053 3124 1192 3206 primitus

109 3216 282 3286 excerptum.
332 3209 360 3268 ls
381 3230 436 3270 nee
458 3212 588 3273 auctoris
608 3212 761 3289 inscitiae,
781 3230 838 3271 nec
858 3209 1031 3271 oscitantiae
1053 3209 1191 3290 cuipiam,

108 3289 159 3349 sed
181 3291 319 3351 audacias
347 3291 540 3356 lrhrarsorunr
559 3297 633 3371 soli,
655 3306 687 3357 et
706 3295 863 3377 praecipiti
884 3293 1081 3376 quorumdam
1100 3314 1191 3374 quas-

109 3394 220 3455 cunque
242 3394 291 3436 res
316 3375 492 3437 immutandi
514 3379 640 3440 consilio
659 3380 848 3459 perturbatos
873 3396 1020 3438 annorum
1041 3396 1190 3456 numeros,

108 3466 138 3517 et
151 3478 261 3521 errores
275 3480 351 3542 opus
365 3480 453 3521 omne
464 3461 604 3524 vitiantes
620 3462 773 3526 adscribit.
794 3460 997 3541 lnaigriissimo
1009 3461 1109 3542 itaque
1123 3461 1192 3521 ani-

108 3543 275 3622 madverso,
302 3544 342 3604 ad
362 3565 430 3625 pag.
453 3549 526 3613 231.
547 3548 708 3627 marginem
732 3546 863 3607 medium
888 3546 1038 3607 observat:
1066 3543 1142 3609 narei
1155 3542 1190 3611 ad

107 3626 297 3710 παραδραμὸν
311 3626 433 3710 σφάλμα
443 3635 505 3694 τοῖν
516 3626 737 3717 Καλλιγμᾶφων
752 3632 795 3707 εἰς
806 3626 879 3704 τούς
891 3633 951 3692 rain
965 3626 1111 3712 βασιλέοιν
1122 3623 1192 3712 χρό-

107 3732 178 3785 νους
198 3712 272 3776 ἄλλα
292 3713 419 3796 τέσσαρα
439 3714 488 3797 ἔτη
503 3714 578 3780 sarri
593 3711 774 3800 προσθήκην
790 3716 834 3790 eie
847 3710 920 3789 rode
934 3715 1105 3790 Χαλδαίους
1124 3716 1192 3779 κελ-

107 3815 197 3874 ρινατ
227 3798 500 3880 Culligraplrorum
524 3807 688 3862 temeritate
714 3820 864 3862 arsnorum
884 3809 1019 3880 quatuor
1041 3820 1192 3859 exceasrsm

106 3881 272 3958 irrepeieu:
298 3882 387 3943 etad
401 3881 627 3946 Chaldaeorum
642 3906 746 3966 regum
765 3893 877 3946 aetates
895 3882 950 3942 illo
964 3884 1118 3965 superfluo
1133 3883 1193 3944 ad·

108 3965 230 4030 ἰιιιιιιοι.
274 3965 417 4029 Erratnm
435 3969 519 4031 aliud
539 3993 603 4032 non
617 3971 749 4032 absimile
771 3970 978 4030 observaverat
996 3969 1079 4050 prins
1094 3968 1127 4028 in
1144 3988 1192 4029 aa·

107 4048 416 4113 mancusorum
431 4074 573 4133 numero;
594 4065 639 4137 et,
657 4060 746 4120 τοῦτο
768 4050 853 4137 οἶμαι
872 4046 996 4135 σφάλμα
1013 4045 1055 4134 ἦν
1074 4051 1109 4117 λιι
1132 4057 1193 4115 τῶν

108 4130 340 4219 Καλλιγμᾶφοιιι
369 4138 493 4218 lepras,
522 4142 564 4201 ait
592 4160 658 4223 pag.
683 4141 752 4208 152.
779 4161 814 4198 er
844 4141 1073 4198 emorrannum
1097 4158 1193 4196 errore

109 4227 191 4277 tatur
200 4222 368 4300 proeeeae'tr
389 4224 570 4308 eosdemque
588 4244 774 4287 excessurae
792 4223 925 4285 deiectus
940 4223 1035 4284 omnis
1049 4239 1116 4282 reos
1133 4220 1195 4301 agit

109 4318 174 4380 με·
194 4306 264 4372 148.
288 4299 373 4385 οἶμαι
390 4305 424 4372 dl
442 4302 490 4372 dn
506 4312 541 4373 ai
559 4313 733 4393 προσθῆκαι
745 4308 796 4371 nal
816 4307 962 4383 littidum
979 4309 1039 4370 τοῖν
1060 4304 1135 4369 lrair
1161 4303 1193 4381 λξ

110 4385 205 4462 ‘stifft
221 4393 285 4453 vair
300 4387 522 4476 Καλλιγρᾶφαν
546 4413 690 4480 peponem·
723 4390 889 4475 Perspectis
902 4389 1000 4469 hiace,
1020 4389 1194 4451 mutilatum

144 4482 241 4559 οη·
256 4489 394 4560 &audiun
410 4493 446 4548 lt.
969 4494 991 4559 6
