2946 4996
246 444 295 514 30
668 448 709 517 G.
730 449 773 516 G.
794 444 998 517 BREDOVH

288 608 488 671 Soaaduclrius
501 613 602 675 anuh
660 648 922 670 ......
984 607 1068 675 4838
1089 640 1127 653 -
1149 606 1241 673 4847.

289 695 606 760 Ciniladalusann.14
661 733 922 754 ......
985 691 1068 759 4847
1088 722 1131 738 -
1150 693 1242 759 4861·

289 781 534 859 Nabopalaassrus
547 798 614 838 ann.
629 783 668 844 21
712 819 922 838 .....
984 776 1130 842 4861-
1152 778 1243 841 4882,

243 865 474 945 Nabopalaesaro
489 861 630 922 succeseit
639 863 717 921 lilius
730 859 1004 921 Nabuchodonosor
1014 861 1049 920 A.
1063 861 1102 920 ll.
1116 861 1208 933 4882,
1223 857 1255 919 ni
1269 858 1328 919 lal-

244 951 311 1025 ios,
332 959 476 1021 exeunte,
498 950 539 1007 ita
556 957 591 1006 ut
605 968 653 1006 res
667 948 701 1006 A.
718 947 758 1008 Μ.
781 948 874 1032 4883.
891 944 927 1003 ab
946 964 981 1004 eo
1000 955 1112 1023 gestae,
1140 944 1270 1005 maxima
1290 963 1328 1003 ex

245 1043 330 1115 parte
343 1054 420 1092 anno
437 1033 532 1112 prirno
548 1032 630 1110 regni
642 1032 690 1090 aui
705 1031 797 1090 tribui
809 1039 937 1110 possent.
1193 1105 1198 1114 ι

330 1117 429 1190 Quum
449 1136 518 1194 crgo
540 1114 586 1175 his
608 1116 711 1196 positis
729 1115 828 1175 ouania
843 1114 924 1175 inter
943 1133 974 1174 as
990 1112 1196 1189 consentiunt,
1217 1131 1331 1191 nequa·

246 1222 335 1283 quam
349 1200 464 1276 dubito,
485 1201 557 1279 quin
571 1202 694 1269 nurneri,
717 1200 767 1280 qui
782 1200 814 1259 in
827 1198 1069 1280 Chronograplria
1084 1199 1247 1279 Georgiana
1261 1195 1332 1257 huie

247 1284 463 1367 computationi
483 1307 544 1345 non
567 1286 761 1361 conveniant,
783 1285 915 1345 mutandi
929 1285 1007 1359 aint;
1022 1285 1148 1364 demque
1161 1303 1333 1365 persuasum

246 1369 350 1446 haheo,
372 1370 498 1430 scribam
511 1371 656 1449 aliquem,
677 1370 774 1449 quiin
791 1369 921 1429 numeria
933 1370 1140 1449 computandis
1158 1368 1213 1428 sibi
1227 1376 1333 1427 acutus

247 1455 414 1534 videbatur,
426 1454 479 1515 has
493 1455 720 1535 depravationes
732 1454 857 1532 Georgio
873 1453 1043 1518 obtrusisse.
1065 1453 1099 1512 ln
1112 1473 1225 1513 canone
1239 1452 1334 1512 chro-

244 1541 402 1619 nologico,
423 1560 511 1620 quern
527 1540 637 1616 adieci,
658 1559 735 1599 meaa
750 1538 949 1599 correctiones
962 1548 1107 1617 sequutus
1121 1538 1202 1612 euna,
1224 1547 1253 1597 et
1269 1556 1334 1595 ma·

244 1645 319 1703 gnae
345 1623 418 1685 mihi
438 1625 566 1685 lactitiae
584 1624 656 1703 erit,
684 1622 781 1685 doctis
800 1624 962 1706 piaculares
982 1622 1112 1685 laborem
1135 1623 1233 1705 ipsura
1252 1619 1336 1682 haud

244 1709 352 1771 lactum
368 1709 559 1770 laudaverim.
1292 1748 1297 1755 -

327 1794 429 1874 Multis
450 1795 569 1873 quidem
590 1794 664 1854 locis
679 1793 825 1873 Georgius
842 1793 961 1853 unicam
975 1792 1154 1873 scripturam
1175 1793 1265 1853 aheo
1282 1791 1336 1851 in-

244 1878 385 1959 spiratam
400 1878 434 1939 iu
452 1878 577 1939 historia
595 1878 831 1939 Patriarcharum
851 1888 940 1959 atque
954 1873 1151 1940 israelitarum
1167 1880 1249 1958 aequi
1262 1896 1337 1936 con.

243 1964 357 2041 tendit,
378 1964 515 2045 interque
528 1964 705 2043 insigniores
721 1964 885 2025 ilistoricos
899 1984 949 2024 coa
964 1973 1098 2038 tantum,
1119 1982 1246 2044 quorum
1263 1982 1337 2021 nar-

236 2048 372 2109 rationes
395 2048 515 2128 scriptia
534 2049 651 2108 biblicis
675 2068 820 2109 consonae
837 2050 912 2109 sint:
933 2068 1019 2129 saepe
1037 2057 1136 2109 taurcn
1153 2058 1182 2108 et
1197 2066 1338 2107 numeros

244 2141 275 2192 et
297 2151 344 2192 res
358 2141 482 2210 gestare
501 2134 589 2191 Ilbrio
606 2135 785 2211 apocryphis
798 2133 916 2207 inserit,
941 2151 1250 2212 quarumeonscnsunr
1265 2150 1338 2189 cum
1467 2162 1468 2187 r

244 2214 366 2295 scriptia
383 2216 500 2275 biblicia
522 2237 575 2295 ego
600 2217 718 2296 quidem
744 2238 804 2276 non
829 2217 928 2276 ubivis
952 2218 1057 2293 video3
1083 2217 1141 2298 ipsi
1165 2236 1236 2274 aero
1258 2234 1340 2273 con-

244 2301 403 2361 sentientes
428 2302 508 2361 visas
535 2322 612 2377 csse,
640 2320 732 2382 paene
764 2300 949 2360 crediderim.
992 2300 1068 2360 Nam
1094 2302 1340 2379 interpretatores
1467 2370 1468 2403 ᾖ

244 2384 373 2458 Iudaici,
404 2385 457 2463 qui
479 2406 595 2445 omnem
613 2386 780 2445 doctrinam
804 2384 942 2444 inlibris
963 2385 1082 2445 biblicis
1103 2385 1228 2465 reperiri
1251 2403 1341 2464 posco

242 2479 422 2551 paruerant,
444 2470 617 2529 nouaclum
635 2470 794 2529 verborum
808 2478 979 2530 contextum
993 2471 1026 2529 in
1038 2489 1139 2529 onmes
1155 2468 1258 2528 modos
1272 2468 1342 2526 dis·

242 2562 419 2628 traxerunt,
441 2563 478 2612 ut
492 2574 628 2627 sensum,
650 2574 739 2633 quern
751 2554 871 2627 vellent,
892 2555 1107 2632 exprimeren13
1129 2553 1342 2612 verumetiam
1467 2594 1468 2605 2

241 2639 358 2717 ringula
371 2637 461 2697 verba
473 2647 626 2718 praeteret
638 2647 742 2697 contra
756 2645 927 2697 contextum
943 2647 1121 2710 exararunt,
1134 2645 1220 2714 atque
1236 2636 1265 2693 in
1281 2635 1343 2694 rni-

242 2723 412 2785 nutiaaimas
420 2733 518 2803 partes
527 2724 763 2797 dissecarunt,'ut
774 2742 810 2780 ex
826 2742 886 2781 uno
900 2722 1049 2782 verbovel
1061 2741 1117 2779 una
1127 2721 1257 2780 litterula
1269 2720 1344 2779 lon·

242 2808 355 2884 piorem
375 2809 523 2869 interdum
537 2807 691 2867 historiam
707 2814 928 2885 extorquerent
969 2806 1094 2866 'l'almnd
1110 2814 1154 2864 est
1169 2806 1275 2885 plenus
1291 2815 1345 2864 ta·

244 2892 317 2952 lium
334 2892 527 2953 ridicularum
546 2894 835 2971 interpretationum,
850 2910 924 2971 quae
935 2911 952 2947 a
962 2889 1075 2950 ludaeis
1089 2910 1150 2949 raon
1170 2897 1345 2949 contemne·

244 2977 371 3052 bantur3
387 2978 477 3035 immo
500 2986 642 3056 tanquam
657 2986 758 3035 sancta
771 2976 969 3036 additamenta
986 2976 1023 3035 ad
1039 2976 1131 3053 legem
1145 2973 1277 3033 divinam
1295 2975 1347 3053 pia
1467 2980 1468 2983 ’

244 3062 428 3125 colebantur.
479 3060 565 3120 lianc
580 3061 669 3121 fidem
690 3060 971 3140 interpretationum
994 3060 1235 3119 'l'almudicarum
1250 3057 1346 3119 ctari-

246 3147 335 3206 atiani
350 3166 419 3206 cum
436 3146 557 3224 scriptis
569 3145 870 3206 Vctcria'festamenti
887 3145 1026 3204 aiudaeis
1042 3154 1229 3224 acceperant,
1244 3162 1348 3222 neque
1467 3144 1468 3147 ’

247 3249 307 3290 sea
323 3232 437 3291 ludaeis
452 3231 582 3311 relinqui
594 3234 748 3312 patientes,
770 3229 931 3292 secundum
944 3229 1076 3290 camdem
1089 3230 1233 3306 rationem
1250 3247 1349 3287 novas

246 3314 506 3396 interpretationes
535 3324 735 3380 tentaverunt.
789 3316 891 3375 Unum
911 3316 1082 3396 exemplum
1101 3311 1259 3392 cGeorgio
1275 3314 1350 3373 auf·

248 3398 329 3459 liciat
345 3419 408 3480 pag.
423 3404 475 3466 93.
489 3401 540 3466 94.
556 3404 607 3467 95.

312 3484 346 3544 ln
359 3486 464 3544 Geneai
473 3506 538 3563 cap.
549 3491 597 3551 11.
605 3488 725 3551 verassl
735 3484 950 3564 ct32.legitur:
961 3483 1077 3559 „Thara
1086 3494 1115 3544 et
1128 3482 1209 3543 lilius
1218 3480 1352 3542 ilhraam

246 3569 373 3650 profecti
396 3579 466 3628 aunt
494 3569 531 3628 ds
557 3570 601 3629 Ur
617 3567 848 3645 Chaldaeorum,
870 3580 904 3629 ut
926 3571 1006 3630 irent
1026 3571 1056 3628 in
1078 3578 1188 3630 terram
1210 3569 1351 3626 Canaan:

246 3668 453 3733 veneruntque
469 3673 562 3732 usque
572 3654 673 3716 llaran
685 3654 786 3734 ibique
798 3653 979 3715 habitarunt
1015 3655 1054 3713 lit
1064 3655 1134 3713 anni
1146 3655 1163 3712 'l
1171 3651 1259 3713 harae
1271 3650 1353 3710 sacti

247 3745 318 3797 amit
332 3739 454 3798 ducenti
468 3740 609 3820 nuinque,
631 3751 662 3800 ct
675 3749 809 3817 mortuus
825 3751 870 3800 cst
881 3741 913 3800 in
926 3740 1054 3802 llaran.‘’
1071 3773 1108 3788 ·-
1125 3738 1199 3797 Dein
1215 3755 1280 3814 cap.
1297 3740 1353 3802 12.

247 3823 372 3889 verant
401 3821 557 3898 „Abraana
589 3836 651 3885 crat
680 3824 870 3905 septuaginta
902 3825 1033 3906 quinque
1058 3841 1223 3896 annorum,
1251 3839 1355 3896 quum

246 3907 435 3983 egrederetur
457 3907 494 3966 de
520 3906 635 3983 llaran,
661 3920 693 3967 ut
721 3910 752 3968 in
776 3910 894 3968 Canaan
917 3910 1063 3970 veniret.”
1087 3939 1131 3952 -
1163 3905 1217 3964 Sin
1245 3914 1354 3965 autem

245 3990 375 4053 Absaam
389 4011 467 4051 anno
481 3993 522 4057 75
536 3992 640 4053 aetatis
653 4012 722 4052 suae
737 3993 770 4050 in
782 3995 901 4051 Canaan
916 3994 1066 4073 profectus
1081 3999 1134 4065 eat,
1149 4000 1235 4071 pater
1246 3987 1357 4051 rhen

247 4074 348 4136 adhue
363 4085 442 4136 nater
455 4076 542 4136 viros
555 4087 634 4150 erat3
649 4096 717 4135 nam
729 4077 894 4136 secundum
909 4081 1013 4137 Genea.
1026 4081 1073 4142 11.
1086 4094 1163 4137 vers.
1172 4079 1223 4142 26.
1238 4071 1357 4151 Thaca,

248 4164 395 4226 70annoa
411 4180 511 4240 natus,
527 4162 650 4222 Abrnenr
665 4161 784 4238 genuit:
806 4181 874 4237 ergo
888 4180 966 4220 enno
977 4160 1079 4220 aetatis
1095 4161 1155 4227 145
1168 4169 1240 4237 arat,
1253 4179 1357 4237 quum

247 4243 375 4308 Abraana
396 4246 428 4307 iu
452 4247 570 4307 canaan
592 4246 741 4307 transiret.
761 4277 805 4292 -
827 4245 865 4305 ht
889 4246 922 4303 in
938 4246 1022 4313 Actia
1044 4246 1255 4325 Apostolorum
1274 4249 1308 4308 7.
1323 4264 1356 4306 v.

248 4331 347 4397 2-t
364 4332 458 4393 Lucae
476 4331 659 4414 Stephanum
672 4332 821 4392 dicentem
836 4330 921 4391 lacit:
943 4330 1062 4408 „lhara
1075 4329 1222 4391 habitarit
1236 4326 1267 4385 in
1284 4326 1356 4387 lla-

248 4434 314 4489 ran,
335 4416 459 4478 interra
474 4417 697 4481 Chaldaeorum.
740 4418 898 4497 Postquam
914 4436 984 4479 varo
998 4415 1095 4478 'l’hrra
1110 4423 1246 4476 mortuus
1259 4424 1357 4491 asset,
