2864 5004
247 405 323 482 460
624 411 968 482 EMENDATIOIOES

246 574 340 652 culis,
360 575 432 641 600.
453 579 552 634 autem
567 590 607 632 ex
621 570 738 632 Eusebii
753 581 894 653 computo
916 571 1036 651 colliget
1051 570 1185 649 duthor,
1207 591 1330 633 sumna·

245 660 301 720 tius
314 656 514 739 reperiendum.
540 657 584 718 dc
598 657 717 717 Eusebii
732 658 852 738 quidem
868 677 955 737 quesn
970 657 1068 736 primo
1081 667 1229 717 memorat
1242 659 1333 719 Geor·

246 743 329 821 gius,
349 750 380 801 et
398 741 534 815 obiecto,
563 742 645 822 quod
668 752 780 802 vocant
796 742 835 801 ad
853 741 1018 819 bominem,
1046 742 1183 822 impetit,
1205 743 1331 801 rationes

244 827 303 888 hoc
318 825 422 887 ordine
434 825 655 907 disponuntur,
677 836 712 885 ut
723 847 762 886 ex
776 826 812 886 iis
826 837 892 907 post
907 828 1067 885 discessum
1087 848 1128 887 ex
1147 828 1286 906 Aegypto
1299 827 1332 886 ad

244 912 442 971 instauratum
461 930 557 991 usque
570 911 715 992 templum
732 916 804 978 600.
824 931 918 969 annos
937 912 1088 994 collegisse
1104 914 1253 988 Georgius
1270 932 1334 969 con.

244 996 359 1058 cludat.
395 995 501 1071 Moris,
523 997 643 1055 amaris
657 997 782 1055 transitu
798 995 963 1071 adobitunr
980 1001 1031 1062 40.
1047 996 1136 1071 enni,
1158 1015 1235 1076 quos
1251 996 1334 1075 ponit

246 1079 392 1141 Eusebius
403 1079 435 1138 in
449 1079 614 1140 chronicus
636 1089 701 1139 turn
714 1081 797 1139 loauc
811 1082 1018 1161 praefecturae
1033 1083 1103 1140 assni
1113 1086 1165 1148 27.
1179 1101 1220 1140 ex
1233 1083 1335 1141 eudem

244 1163 392 1226 Chronico
407 1175 617 1225 recensentur:
638 1164 691 1224 ttis
704 1164 797 1241 sdda,
820 1165 906 1223 etiarn
919 1165 1045 1225 Eusebio
1061 1167 1225 1241 renitente,
1247 1164 1333 1225 ruodo

243 1249 427 1325 Scripturaur
450 1260 480 1309 et
501 1250 584 1309 Pauli
610 1248 700 1310 verba
719 1268 781 1308 non
799 1249 953 1321 exsibilet,
986 1248 1121 1310 Iudicuru
1144 1270 1242 1308 annos
1265 1251 1333 1316 450.

243 1335 341 1395 Saulis
357 1332 464 1393 deiude
479 1334 659 1412 llsvidisque
672 1353 773 1413 regum
790 1354 827 1393 ex
846 1336 979 1415 praelato
995 1333 1144 1394 Chronico
1167 1354 1268 1392 annos
1285 1338 1334 1399 80.

242 1427 308 1478 turn
327 1416 455 1497 denique
475 1418 643 1477 Salomonis
663 1427 875 1499 tres,·quurto
898 1420 1011 1499 quippe
1032 1439 1111 1479 anno
1133 1419 1240 1498 templi
1267 1419 1335 1477 iecit

242 1500 453 1562 fundamenta:
474 1501 521 1562 his
536 1503 570 1561 iu
583 1522 673 1562 unam
686 1523 830 1562 summam
844 1504 1033 1577 coacervatis,
1048 1504 1180 1563 sexcenti
1194 1513 1335 1562 accurate

241 1596 272 1647 et
292 1587 406 1664 integre
430 1587 620 1667 colliguntur.
662 1587 796 1668 Aequam
814 1588 905 1666 igitur
924 1589 955 1646 in
975 1588 1131 1647 Eusebium
1157 1589 1334 1647 scantentiaar

243 1670 388 1749 Georgius
404 1670 494 1747 tulit,
516 1692 552 1731 sc
574 1691 638 1730 caru
657 1692 695 1731 ex
716 1693 810 1751 aequo
825 1682 855 1732 et
870 1672 950 1731 bono
970 1674 1045 1732 serat
1063 1673 1210 1750 Scsliger,
1232 1672 1334 1748 detet3

241 1775 375 1816 severam
388 1756 575 1836 quantumvis
591 1776 658 1837 pag.
673 1757 739 1817 Not.
752 1761 803 1824 57.
826 1767 1024 1836 conqueratur
1039 1756 1088 1816 liis
1102 1756 1212 1819 verbis.
1245 1757 1335 1817 Geor·

241 1844 318 1922 gius
336 1834 588 1922 Εὗσεβιομᾶστιξ,
609 1845 663 1921 qui
680 1842 762 1901 nitet
774 1844 868 1921 prius
892 1847 926 1901 in
946 1840 1065 1901 deliciis
1083 1841 1212 1913 babuit,
1240 1860 1336 1921 quesn

244 1925 411 1986 Erecthium
429 1928 598 2006 exagitare,
623 1926 722 2005 plura
744 1926 803 1984 hoc
821 1929 886 1986 loco
907 1931 940 1985 in
966 1927 1135 1985 Eusebium
1156 1926 1276 1984 scribit.
1307 1924 1335 1984 Is

244 2029 315 2069 sanc
335 2020 379 2069 est
398 2021 499 2070 noster
519 2011 679 2087 Georgius,
701 2011 811 2070 naboe
827 2012 864 2071 de
883 2012 936 2071 illo
952 2012 1061 2070 tacitus
1079 2019 1281 2091 praeteream,
1302 2017 1337 2068 ut

244 2094 336 2153 sliuna
354 2094 544 2175 impetiturus
560 2095 778 2170 adversarium,
800 2105 846 2172 et,
866 2106 902 2154 ut
916 2096 1012 2170 aiunt,
1034 2095 1071 2152 sd
1091 2093 1240 2153 hominess
1258 2104 1335 2153 stru·

244 2178 301 2237 ctis
315 2179 494 2256 argumentis
509 2189 539 2239 et
555 2180 689 2239 consinus
702 2190 936 2260 oppugnaturus,
959 2199 995 2237 ex
1010 2178 1081 2237 solis
1096 2180 1159 2238 cius
1172 2179 1264 2239 dictis
1276 2199 1336 2237 non

243 2274 406 2340 componat
427 2264 613 2339 machinam
643 2264 696 2324 sed
716 2273 780 2323 turn
800 2283 838 2322 ex
859 2263 997 2344 propria,
1025 2272 1090 2322 tuus
1113 2283 1151 2322 ex
1171 2263 1336 2323 adversarii

243 2344 330 2425 sylva
347 2347 482 2425 colligate
503 2350 571 2406 Urso
585 2347 677 2406 verbo
690 2347 868 2407 contrariam
884 2347 1060 2407 sententiani
1072 2367 1109 2407 ex
1125 2348 1231 2428 ipsius,
1254 2346 1335 2425 quod

241 2430 410 2511 promittit,
429 2431 530 2491 verbis
552 2430 770 2507 debellaturus,
797 2433 953 2513 proprium
968 2431 1090 2492 insimul
1106 2432 1249 2489 admiscet
1264 2450 1336 2487 sess·

241 2534 326 2590 suru3
351 2524 381 2574 et
393 2524 459 2575 tum
474 2535 511 2576 ex
524 2516 663 2598 proprio,
683 2526 748 2576 turn
762 2535 800 2575 ex
814 2515 977 2578 adversarii
992 2536 1094 2588 sensu,
1115 2512 1253 2573 leuitatis
1265 2532 1333 2571 eun

242 2597 421 2661 convincere
435 2601 566 2663 molitur.
601 2601 649 2661 An
661 2599 722 2661 boc
735 2610 824 2681 pacto
841 2601 920 2680 leges
935 2601 961 2659 ci
976 2600 1060 2672 betti,
1082 2606 1112 2655 et
1126 2598 1212 2675 aequi
1230 2596 1335 2656 Martis

241 2683 307 2742 iura
326 2694 497 2762 serventur,
520 2686 596 2746 alius
611 2685 803 2746 iudicaverit:
826 2686 909 2744 Vires
930 2693 960 2742 et
982 2680 1161 2740 industriam
1177 2680 1333 2741 bellatoris

241 2765 374 2846 aperire,
394 2790 469 2846 quse
485 2789 548 2828 sues
563 2770 636 2828 fides
652 2779 711 2842 cst,
733 2770 804 2825 satis
823 2768 900 2826 luit:
922 2785 979 2844 qua
998 2766 1048 2824 via
1068 2775 1188 2824 coactus
1203 2765 1293 2842 licet,
1316 2786 1334 2824 a

241 2849 347 2932 populi
361 2851 443 2909 exitu
460 2852 498 2910 ad
510 2852 665 2910 eonditum
679 2852 822 2930 ternplum
837 2855 908 2915 600.
917 2869 1014 2927 4ιυιηοι
1026 2859 1161 2909 numeret
1174 2849 1334 2927 Eusebius,

240 2933 329 2995 facile
358 2934 605 3016 deprehendetur.
653 2935 743 3008 Quod
764 2935 804 2993 sd
824 2933 956 2993 rlliicani
981 2943 1153 3014 computum
1175 2934 1221 2993 nil
1240 2935 1277 2994 in
1298 2955 1333 2994 eo

240 3020 372 3099 portenti
395 3028 455 3096 cst,
476 3040 564 3099 quarn
584 3017 664 3099 qnod
678 3017 796 3079 Autlror
814 3018 919 3093 linxit,
941 3018 1029 3077 etiarn
1052 3017 1183 3100 propriis
1208 3019 1246 3079 sd
1270 3019 1336 3080 cius

241 3105 394 3184 excrrquar
407 3104 528 3181 digestis
542 3104 671 3164 calculis.
713 3104 761 3162 tttt
780 3123 852 3163 vero
873 3104 910 3162 sb
932 3102 1045 3162 israelis
1063 3103 1119 3162 suli
1134 3103 1216 3164 blose
1234 3106 1335 3185 prole-

243 3189 342 3248 ctiuna
356 3189 394 3248 ud
409 3189 537 3270 primurn
550 3188 656 3269 templi
674 3188 802 3268 positum
820 3188 949 3269 lapidem
964 3194 1035 3256 659.
1051 3186 1192 3249 eslribent
1207 3188 1269 3248 lroc
1285 3211 1336 3250 or·

241 3270 320 3333 dine.
363 3273 452 3334 Musis
465 3274 515 3342 40
531 3274 617 3335 losua
630 3279 683 3340 27.
699 3273 855 3333 Seniorusn
873 3277 924 3341 30.
945 3272 1081 3333 ludicusn
1102 3274 1174 3341 450.
1195 3274 1266 3333 lleli
1284 3280 1335 3339 20.

241 3356 360 3415 &muel
380 3364 431 3424 20.
451 3359 524 3417 Saul
546 3360 597 3425 40.
619 3357 713 3417 llerid
736 3359 787 3424 40.
808 3357 974 3418 Salomouis
997 3358 1028 3423 4.
1055 3378 1170 3418 summa
1194 3368 1237 3417 est
1258 3363 1333 3425 671.

241 3438 323 3501 Huic
335 3440 412 3500 adde
425 3447 476 3508 70.
492 3463 567 3523 quos
577 3441 717 3503 Africano
728 3444 897 3525 superfluos
909 3443 1072 3524 exprobret
1082 3442 1236 3516 Eusebius,
1258 3460 1335 3517 qus·

242 3523 377 3603 draginta
398 3526 518 3604 quidem
540 3521 700 3629 aivupglec,
727 3538 757 3587 ct
776 3523 900 3611 εἰρήνης
920 3529 1058 3607 triginta,
1085 3545 1228 3587 summanr
1257 3524 1333 3589 att.

242 3628 330 3688 gustu
343 3627 413 3668 vera
430 3605 508 3692 ὑπὲρ
524 3608 561 3673 sd
574 3626 641 3691 ψμ.
657 3611 708 3693 ἔτη
723 3613 875 3692 collegisse
891 3614 1080 3689 Africanum,
1101 3610 1161 3670 boc
1175 3618 1219 3668 cst
1232 3626 1334 3665 annos

241 3695 316 3762 741.
344 3693 487 3772 Georgius
509 3694 680 3775 scripserit,
706 3696 795 3757 etisur
818 3718 1009 3758 numerorum
1032 3698 1188 3774 inexperto
1210 3700 1334 3750 wulfl-

240 3778 297 3841 bit.
319 3779 379 3840 Suo
391 3788 491 3839 tarsen
504 3798 603 3854 nrore,
618 3781 651 3838 id
667 3791 711 3840 est
723 3781 756 3841 in
768 3783 973 3843 adversarium
987 3782 1075 3862 paulo
1091 3776 1217 3853 iniquius
1228 3775 1334 3835 Geor·

239 3864 321 3944 giuus
338 3883 438 3943 agere,
460 3873 542 3922 etex
558 3864 690 3943 propriis
707 3867 871 3946 alienisque
881 3866 1034 3926 sententiis
1049 3860 1257 3936 conglobatum
1274 3862 1334 3920 sli-

263 3947 322 4007 uod
343 3957 548 4028 argumentum
563 3948 690 4008 obiicerc
714 3950 848 4011 adres-tn.
879 3948 1068 4029 Septuaginta
1083 3944 1228 4023 siquidem
1244 3945 1334 4019 anni,

240 4030 1049 4181 tttttltitltlt'tllssttl’ltsttt'tntlt
1069 4030 1333 4176 libidis&

241 4201 322 4260 butis
335 4204 543 4263 continentur:
564 4201 614 4281 qui
630 4201 698 4259 licet
711 4201 747 4258 ab
762 4200 880 4260 Eusebii
895 4210 1036 4278 cornputo
1049 4198 1108 4259 siut
1122 4200 1217 4275 alieni,
1234 4200 1333 4261 adeo·

242 4304 300 4364 quc
315 4287 515 4347 redundantes
531 4286 642 4353 iudicet
653 4284 810 4359 Eusebius,
832 4285 964 4345 dlriesni
980 4295 1078 4343 tamen
1094 4295 1233 4366 computo
1256 4292 1332 4341 sunt

239 4370 356 4447 intimi,
376 4380 407 4433 et
418 4381 451 4434 ut
466 4391 535 4454 pers
549 4360 611 4433 eiu's
626 4378 718 4431 totsra
731 4370 860 4451 subcunt
872 4372 998 4431 molum:
1019 4369 1153 4452 adeoque
1167 4369 1259 4431 semel
1272 4387 1334 4428 asss-
