2888 5002
427 1373 482 1441 IN
508 1373 855 1443 Btevtttttum

96 1534 1187 1634 CHRONOGRAPHICUM

258 1746 289 1805 s.
308 1743 572 1809 rreernom
597 1743 940 1808 esrmmcutr
961 1743 1024 1804 cr.

519 1927 760 1980 BRBVM

361 2075 923 2157 ANNOTATIONES.

179 2517 249 2596 Pog-
269 2518 341 2585 895.
363 2520 574 2606 Nemorosi]
600 2522 802 2606 Nicephorum
821 2521 876 2584 GP.
891 2519 964 2588 oiim
986 2516 1188 2582 Potriorebsm

88 2601 242 2683 *ttmvtafii
254 2601 343 2663 huius
356 2603 609 2687 Cirrouogrsptrici
622 2608 777 2675 authorem
792 2608 955 2669 eommmris
973 2605 1106 2685 egooseit
1118 2623 1186 2662 sess·

93 2687 209 2749 teotiet
231 2696 267 2746 ut
279 2694 361 2746 extet
373 2697 484 2768 morso,-
503 2700 533 2749 et
545 2692 680 2751 rostribus
697 2692 818 2769 teritur,
841 2711 910 2751 cum
924 2689 1122 2769 posteriorum
1132 2685 1186 2746 Ni·

93 2771 229 2854 eeplroro
241 2771 495 2853 Potrierehorum,
518 2774 777 2855 ettmperotorum
794 2776 856 2836 eius
868 2784 1002 2854 tempore
1013 2773 1187 2852 sequiorem

93 2856 220 2916 nomios
238 2867 269 2917 et
287 2866 395 2923 estetes
405 2868 569 2934 recenseat,
591 2860 726 2922 Petsvius
747 2860 823 2921 seris
837 2861 886 2920 eir
903 2857 1009 2920 iudicii
1026 2879 1063 2917 ee
1081 2855 1187 2917 erudi-

92 2940 187 3000 tionis
201 2961 263 3001 stou
278 2942 365 3002 tritoe
379 2963 566 3004 eommmrem
581 2942 662 3005 illem
677 2945 715 3005 ds
732 2944 902 3026 Nicephoro
919 2941 1095 3005 sententiam
1106 2939 1188 3000 seri·

91 3033 214 3106 ptorem
228 3026 358 3083 ssomirris
371 3028 500 3091 eiusdem
514 3031 639 3087 atterum
655 3049 721 3088 eum
731 3028 790 3089 hoe
804 3028 986 3087 contundere
1001 3023 1187 3087 subdubius.

92 3108 206 3171 Verum
221 3127 279 3189 pro
293 3120 463 3188 comparato
474 3110 529 3169 sibi
544 3111 682 3185 solertia,
705 3119 736 3170 et
746 3113 840 3191 pertis
854 3130 893 3170 ex
907 3119 1025 3171 vetusto
1038 3108 1187 3169 librorum

92 3213 154 3255 uso
173 3192 400 3273 experimentis,
421 3194 567 3275 privatam
590 3195 724 3275 publicae
743 3214 909 3275 opportere,
930 3211 1097 3273 novemque
1116 3193 1188 3272 opi-

92 3278 218 3341 nionem
240 3276 323 3338 houd
342 3277 429 3339 firmo
458 3278 590 3339 stabilire
617 3278 810 3341 fundamento
836 3279 989 3357 devitans,
1025 3275 1188 3358 Nicoplsori

92 3372 287 3447 posterorum
299 3362 419 3423 nomios
432 3363 527 3423 eliens
542 3384 634 3424 monu
648 3365 783 3446 oppositu
798 3364 879 3425 sacili
893 3383 1040 3425 consensu
1053 3361 1188 3423 admittit

94 3467 149 3524 es,
173 3468 264 3529 quem
278 3445 438 3529 Nioephori
453 3448 585 3511 eiusdem
597 3449 738 3511 historiae
749 3449 914 3531 praefixum
934 3450 1050 3525 voluit,
1071 3446 1187 3528 prsete-

92 3532 189 3594 tione.
205 3531 266 3603 ,cut
279 3553 340 3593 non
355 3533 489 3595 sdlss'esit
507 3534 644 3596 Petovius
657 3534 749 3596 dubio
764 3545 864 3596 motus
879 3534 986 3595 ‹leimlo
999 3534 1122 3593 Vossius
1134 3531 1188 3591 iu·

92 3617 213 3678 trierem
226 3619 375 3698 quendem
393 3618 595 3701 Nicephorum
615 3619 741 3681 confixit
756 3620 794 3680 ds
814 3621 934 3682 Groocis
956 3618 1068 3679 Hister.
1084 3615 1138 3677 lib.
1154 3620 1184 3682 2

93 3702 1186 3871 tttffstttttt’ttttttt:tittzf‘fttsstmttttt:t;t

409 3831 418 3849 0
916 3833 925 3865 ,
1169 3822 1188 3839 ·

93 3889 151 3931 vse
169 3870 253 3948 tigno
270 3873 450 3934 Mercurium
464 3874 556 3935 istum
577 3873 747 3955 exsculpat,
768 3894 829 3935 non
850 3873 956 3956 operit.
999 3873 1065 3932 Stet
1085 3871 1187 3950 itsque

95 3962 248 4029 mustene,
259 3958 376 4037 etspud
384 3978 431 4018 me
438 3959 732 4040 perseveretimmots
739 3958 872 4039 vulgaris
885 3957 996 4040 opinio,
1008 3953 1187 4037 queechro·

95 4036 279 4120 nogrophise
296 4041 384 4103 istius
403 4043 495 4104 elium
509 4041 706 4125 effieephoro
722 4042 893 4105 Potrierohe
915 4038 1186 4119 Constantinopoli·

95 4133 170 4187 tono
192 4121 348 4184 sutherem
370 4147 433 4187 non
456 4128 618 4193 admissura
640 4127 875 4190 histretionibus
898 4126 1046 4189 innititur.
1074 4129 1103 4191 1.
1123 4124 1186 4184 Po-

96 4209 239 4271 triorchis
253 4217 285 4268 et
299 4211 396 4291 tmpp.
408 4213 543 4292 pristinis
559 4212 675 4275 orlieeto
688 4213 809 4273 nomios
830 4212 1021 4295 posteriorem
1036 4229 1098 4269 non
1111 4228 1187 4269 eon·

95 4294 227 4356 viserunt
246 4294 345 4375 operis
364 4297 457 4356 totius
476 4297 631 4359 sutherem
638 4342 648 4374 ,
673 4298 727 4359 sed
748 4298 910 4359 deductum
934 4306 965 4356 et
981 4294 1187 4355 continuatum

96 4378 130 4442 iu
149 4391 271 4465 tempus
291 4379 410 4463 sequius
431 4383 543 4464 prieris
564 4385 664 4467 operis
682 4403 780 4450 usum.
800 4390 830 4452 2.
851 4380 1004 4444 Proetixus
1014 4380 1098 4464 operi
1110 4379 1187 4441 titu-

1196 1394 1282 1523 or
