3428 4998
562 402 622 471 ET
647 401 997 471 ANNOTATIONES.
1252 388 1329 467 895

249 565 320 642 gius
332 560 391 620 sub
404 557 557 640 Aplmphi.
588 551 654 620 'His
669 559 768 620 verbis
786 558 904 638 Georgii
925 557 1101 632 calumnias,
1122 558 1149 620 si
1169 579 1244 640 quse
1258 559 1331 634 sint,

250 647 427 720 discuteret,
449 653 480 705 et
500 645 620 704 Eusebii
638 646 810 704 sententiam
830 644 973 703 sincerius
996 645 1160 726 expositsm
1182 646 1334 705 videretur

250 730 282 791 in
298 740 363 790 tuto
386 742 539 810 reponere.
580 727 663 786 Licet
682 729 761 787 enim
781 729 929 788 Chronico
951 729 1057 788 Latino
1078 729 1196 791 Eusebii
1219 730 1334 790 decima

250 814 389 896 septima,
410 833 499 892 quam
517 831 689 888 versamus,
713 812 925 893 Aegyptiorum
946 813 1088 892 Dynostia
1101 834 1162 874 nou
1180 813 1221 874 sit
1239 814 1333 874 escri-

249 909 319 980 pta,
341 898 424 978 quod
444 907 542 958 tamen
561 895 703 955 decimum
724 907 857 957 octavam
876 918 955 957 unno
978 906 1047 978 post
1068 909 1171 958 natum
1185 897 1334 959 Abrairam

249 984 320 1051 294.
339 983 502 1062 incepisse,
523 979 629 1061 loseph
646 989 744 1040 autem
767 1001 844 1040 nnnc
865 986 937 1049 282.
956 983 1067 1041 Ducem
1086 982 1212 1062 Aegypti
1225 982 1336 1042 coristi·

250 1078 348 1128 tutum
359 1064 487 1127 'scribite
517 1065 587 1125 sotis
608 1064 764 1125 duodecim
786 1064 871 1125 aunis
892 1076 961 1126 ante
985 1066 1116 1126 dmosim
1136 1067 1265 1145 primum
1284 1070 1335 1132 18.

249 1152 412 1231 Dynastiae
432 1169 529 1227 regem
552 1169 615 1206 eam
637 1150 812 1225 dignitatem
827 1149 966 1230 adeptum
985 1150 1073 1210 facito
1093 1151 1267 1229 colligimus.
1310 1150 1337 1208 A

250 1256 312 1316 quo
326 1254 395 1312 rege
406 1233 538 1292 Amasim
552 1232 643 1291 istum
661 1243 838 1312 praeeunte,
858 1255 931 1294 num
949 1233 986 1293 ab
1009 1233 1167 1315 sphophi,
1188 1234 1273 1295 cuius
1291 1252 1336 1292 re-

250 1339 340 1399 guum
354 1318 451 1389 minis,
470 1326 505 1376 ut
520 1316 587 1376 vult
600 1316 754 1393 Eusebius,
767 1318 816 1384 14.
828 1338 901 1378 uum
915 1319 952 1378 ab
967 1319 1075 1379 drclde
1089 1320 1174 1380 cuius
1187 1321 1238 1385 80.
1251 1316 1337 1377 struis

249 1412 436 1485 protractum
459 1401 534 1476 tuit,
556 1399 652 1479 regios
677 1399 807 1463 honores
828 1415 1029 1483 consequutus
1051 1414 1096 1464 est
1115 1402 1240 1482 loseph,
1260 1403 1338 1462 inter

251 1487 410 1565 Georgium
431 1496 461 1546 st
484 1485 662 1564 scaligerum
683 1506 747 1545 non
771 1496 895 1547 constet.
936 1488 1079 1568 Superior
1092 1508 1157 1568 pag.
1171 1493 1222 1555 62.
1236 1486 1271 1547 Δ.
1288 1486 1338 1546 de·

249 1583 397 1632 monstrat
410 1570 505 1647 oculis
518 1569 781 1632 Archlemultimo
794 1572 863 1632 loco
878 1571 1007 1632 decimae
1024 1575 1165 1652 septimas
1180 1571 1338 1652 Dynsstise

250 1655 286 1716 ab
309 1656 439 1716 Eusebio
459 1654 792 1736 positum:,.Georgius,
813 1676 874 1715 nou
895 1655 1052 1734 Archlem,
1082 1657 1134 1716 sed
1157 1655 1340 1736 Aphophim,

251 1752 390 1820 quartum
406 1751 436 1800 et
450 1740 587 1799 ultimum
601 1738 639 1798 ab
651 1739 777 1800 Eusebio
790 1741 921 1820 positum
941 1741 1105 1802 contendit.
1141 1739 1217 1814 Quis
1228 1740 1339 1815 verior,

251 1826 287 1885 de
303 1824 426 1886 Eusebii
445 1834 541 1884 mente
555 1825 657 1897 tastis,
679 1833 732 1884 aut
746 1825 878 1886 decimae
898 1826 1041 1906 septimae
1058 1846 1147 1905 supra
1162 1835 1266 1884 extens
1284 1845 1336 1883 co·
1354 1832 1385 1887 V.
1397 1834 1433 1889 2³

250 1911 385 1987 taiogus,
406 1918 458 1968 aut
479 1929 568 1989 quem
585 1908 757 1969 mendacem
779 1909 866 1988 fingit
882 1912 1030 1989 Scaliger,
1059 1930 1199 1993 praecone
1219 1909 1340 1988 Georgii

252 1994 374 2054 textus?
396 1993 485 2066 Sede,
507 1995 629 2065 Lector,
653 1992 769 2053 dissidii
784 1994 905 2073 arbiter,
929 2005 959 2055 et
975 1996 1132 2073 Georgium
1145 1995 1178 2054 iu
1192 2014 1225 2053 ss
1241 1994 1340 2076 ipsum

251 2078 381 2138 seribere
398 2098 460 2137 nou
474 2078 606 2157 potuisse
616 2097 734 2138 mecum
746 2079 879 2143 decerne.
923 2075 1097 2160 Scripiisset
1112 2088 1228 2157 autem,
1248 2080 1275 2138 si
1289 2077 1341 2139 hic

250 2160 423 2242 Aphophim
454 2163 613 2239 ultimum,
643 2164 779 2243 superius
809 2183 847 2224 ex
876 2164 1002 2226 Eusebio
1028 2174 1208 2246 postremum
1230 2163 1341 2243 pariter

250 2246 392 2307 Arclrlem
412 2244 573 2312 exhiberet.
623 2248 736 2327 Regum
758 2249 849 2327 igitur
869 2249 944 2309 ordo
969 2250 1003 2309 in
1028 2247 1177 2329 descripte
1205 2247 1341 2328 superius

250 2331 367 2392 decima
388 2332 513 2412 septime
531 2330 667 2393 turbatus
687 2341 748 2408 est,
768 2333 900 2413 inquies:
921 2342 952 2394 et
970 2331 1094 2394 Archies
1109 2333 1231 2408 tertius,
1253 2352 1343 2412 quur·

249 2424 301 2476 tua
313 2414 472 2496 Aphopiris
487 2416 593 2478 referri
606 2415 772 2483 debueret?
794 2419 840 2479 its
852 2438 922 2478 saus
936 2439 1050 2479 mecum
1064 2419 1182 2494 senties,
1205 2418 1229 2476 si
1244 2432 1344 2477 errore

248 2502 284 2561 iu
297 2501 426 2561 Librnsii
449 2501 635 2562 oscitantiam
655 2501 787 2578 reiecto,
808 2503 926 2581 Georgii
942 2504 1049 2577 verba,
1072 2522 1148 2582 quse
1166 2511 1197 2561 te
1215 2500 1250 2560 in
1271 2518 1345 2557 sen·

248 2586 348 2645 tentis
367 2584 503 2661 firment,
525 2585 697 2647 adverteris.
739 2586 902 2661 Eusebius,
923 2587 1077 2662 subiungit
1099 2586 1150 2645 itte
1167 2584 1272 2665 pagins
1293 2583 1344 2641 lo·

248 2688 348 2749 eoque
366 2669 524 2749 praefatis,
543 2668 695 2749 privatum
710 2668 800 2728 finem
816 2679 946 2730 sectatus
963 2671 1093 2729 decimae
1107 2669 1227 2749 quintae
1239 2669 1344 2746 Dyna-

248 2754 326 2815 stias
340 2772 423 2831 reges
443 2753 474 2811 iu
494 2752 639 2812 decimam
656 2752 811 2831 septimam
830 2753 1001 2831 transtulit,
1023 2765 1054 2814 et
1072 2754 1221 2814 senarium
1242 2773 1344 2812 eorum

246 2857 413 2899 numerum
436 2837 552 2897 duobus
573 2837 717 2898 minorem
736 2838 817 2899 fecit.
860 2838 951 2899 Cuius
976 2848 1074 2899 sutem
1101 2839 1196 2918 gratis
1215 2838 1345 2898 mutilati

247 2923 336 2982 fliius
354 2922 482 3002 catologi
499 2941 531 2982 se
551 2922 703 3003 praestitit
725 2921 906 2997 duthorem,
927 2922 986 2983 uisi
1009 2935 1043 2984 ut
1064 2924 1229 2984 communis
1246 2920 1347 2981 Girre-

247 3007 435 3082 nologorum
455 3027 558 3067 sensus
581 3006 660 3068 {ierit
682 3006 746 3085 ipsa
773 3007 939 3086 particeps,
966 3016 997 3066 et
1015 3007 1208 3086 loseplmma
1230 3007 1345 3085 reliquo

249 3097 346 3148 coetu
363 3090 417 3147 sub
435 3089 575 3169 Apiropiri
589 3090 699 3166 regiam
714 3089 888 3168 dignitatem
905 3100 1095 3169 assequutuur
1111 3092 1201 3167 vulgo
1213 3089 1347 3169 assigna.

249 3182 338 3248 tum,
359 3171 426 3251 ipsa
445 3174 553 3231 meritis
575 3173 705 3231 eiusdem
724 3194 850 3236 concors
867 3174 1024 3256 Aphophis
1042 3177 1226 3255 temporibus
1239 3175 1346 3235 redde·

247 3258 325 3320 reti
348 3256 525 3316 Pensitanda
537 3255 570 3315 in
583 3254 644 3316 hoc
658 3258 842 3339 propositum
853 3259 997 3320 Authoris
1012 3260 1118 3319 verbor
1139 3259 1189 3324 tut
1202 3256 1259 3342 ydp
1272 3263 1348 3322 πᾶσι

249 3335 513 3423 munierimus,
535 3337 582 3405 dre
600 3340 652 3406 ieci
671 3336 836 3423 Ἀφώφεως
862 3336 953 3426 ἦρξεν
975 3338 1082 3426 Ἰωσὴφ
1102 3349 1156 3426 τῆς
1180 3342 1346 3428 Αἰγύπτου.

256 3430 331 3489 Una
353 3431 455 3487 cuncti
479 3447 549 3487 uoce
567 3424 727 3507 Iosepdum
745 3428 801 3488 eud
826 3430 973 3510 Apdoplri
998 3430 1136 3511 Aegypto
1161 3434 1349 3512 imperitaret

242 3510 452 3596 praedicunt:
473 3513 692 3573 incurrentem
715 3533 822 3593 aquam
846 3516 928 3575 solus
947 3518 1167 3577 contrenitctur
1184 3516 1348 3576 Eusebius?

247 3598 452 3675 Quinimmo,
470 3597 608 3678 plmibus
623 3596 688 3658 istis
702 3619 900 3661 consensurus
919 3600 1114 3661 abdiritano
1131 3600 1272 3677 discedit,
1294 3600 1350 3659 de·

247 3686 364 3744 cimam
382 3683 515 3762 quintam
534 3683 595 3741 eius
615 3683 858 3761 Dyrrastiumsibi
873 3687 1026 3764 septimum
1041 3685 1233 3745 tredecimum
1250 3685 1349 3762 erigit,

247 3790 306 3829 sex
321 3787 424 3846 regum
440 3768 480 3827 sd
493 3776 623 3845 quatuor
638 3786 795 3827 numerum
812 3769 935 3846 redigit3
959 3768 1138 3850 Aphopheos
1152 3789 1246 3831 annos
1259 3779 1349 3828 trun-

247 3861 320 3927 cat,
344 3871 433 3931 quem
454 3861 555 3911 tamen
575 3851 676 3931 putari
696 3852 808 3932 reperit
829 3855 969 3913 ultimum
993 3855 1024 3914 in
1047 3854 1180 3916 Africani
1208 3850 1350 3932 Dynastia

248 3937 307 4003 15.
331 3956 402 4015 pag.
416 3942 468 4003 61.
484 3937 516 3999 B.
536 3937 601 4016 ipse
617 3956 736 4016 quoque
750 3936 854 3997 debuit
869 3938 1007 3999 ultimum
1021 3941 1092 4000 licet
1110 3950 1218 4019 quarto
1234 3946 1351 3996 tannim

245 4022 324 4082 loco
347 4030 505 4098 reputare,
526 4032 556 4081 et
575 4021 629 4080 sub
651 4020 714 4081 sius
738 4022 881 4104 imperio,
904 4043 944 4083 ue
963 4027 1086 4086 caeteris
1102 4022 1298 4101 Chronoiogis
1319 4040 1352 4079 sa

245 4112 410 4212 opposta,
428 4105 547 4183 Iosepbi
568 4106 771 4186 principatum
793 4127 962 4168 recensere:
984 4107 1027 4189 μή
1047 4110 1120 4187 ἔχων
1142 4107 1285 4170 ὁπωσοῦν
1302 4104 1350 4168 tut

238 4195 352 4254 'aihu
365 4184 445 4262 τινὸς
458 4186 553 4253 odedu
564 4189 770 4272 παραθέσθαι,
785 4189 947 4275 μετήγαγεν
955 4190 1157 4271 τόνἎφωφιν
1171 4186 1233 4255 dud
1245 4184 1350 4272 migse'.
1378 4249 1385 4261 ,

245 4272 435 4345 δυναστείας
447 4272 490 4344 ede
500 4271 557 4353 τὴν
574 4270 618 4349 ιζ.
632 4273 807 4355 κολοβοὶσας
820 4276 857 4339 ssi
872 4278 921 4353 ἔτη
937 4272 1032 4338 odessi
1047 4272 1100 4351 ξεί.
1122 4272 1296 4357 ὑπάρχοντα
1309 4277 1352 4348 εἰς

248 4357 301 4428 «ς’.
349 4355 567 4437 Vindexigitur
581 4359 740 4434 Aetheris,
762 4362 855 4442 ipsius
867 4361 973 4438 verbis,
987 4382 1048 4421 uno
1059 4361 1124 4423 soie
1135 4362 1266 4446 dempto,
1279 4380 1352 4425 con·
