3428 4998
532 415 591 483 ΕΤ
612 414 964 487 ANNOTATIONES.
1217 410 1292 481 31111

231 580 375 632 trecentum
390 573 477 633 solos·
490 591 530 633 ex
547 570 665 649 Georgii
685 580 826 652 computo
842 569 881 631 ad
900 570 1003 631 snundi
1019 575 1113 638 2677.
1129 536 1292 650 alligandos

231 657 332 715 stituit:
352 657 483 736 odcoqus
494 657 558 717 sive
576 661 670 723 2677.
681 656 744 716 sive
757 658 849 723 2132.
861 656 921 715 vita
933 656 1105 731 decesserit,
1127 658 1213 734 loisge
1223 658 1290 731 luit,

230 739 272 818 qui
285 741 383 811 mundi
394 744 485 808 2776.
500 742 533 800 in
546 741 647 801 orbern
660 740 832 800 universum
843 750 1018 822 potestatem
1033 754 1192 801 exerceret.
1236 744 1291 799 lle-

228 843 283 883 rnus
307 834 400 885 taisson
427 826 584 903 Georgium
614 825 826 904 repugnantiae
850 827 883 885 in
910 835 1002 885 sonrot
1031 832 1095 884 turu
1127 824 1195 903 hio,
1226 836 1292 884 tuns

228 927 281 986 prg.
298 910 361 975 115.
377 930 477 985 rouer;
499 910 619 970 helinae
633 929 753 989 quoque
767 930 841 972 unx.
859 911 1003 971 versionis
1015 907 1177 969 Aetherem
1192 920 1221 969 et
1238 933 1293 990 po-

227 1002 352 1053 stremum
365 994 506 1055 editorem
521 995 690 1053 oscitantiae
704 1014 888 1073 snonoamus,
909 996 998 1055 modo
1012 992 1189 1073 Arphaxad,
1210 994 1293 1073 quod

228 1078 316 1138 ruent
332 1078 493 1155 Georgius,
513 1079 618 1137 mirrsdi
635 1080 729 1144 2175.
746 1076 893 1156 nitigisso,
914 1081 995 1139 etad
1016 1097 1083 1136 euin
1101 1080 1182 1137 orbis
1201 1080 1293 1157 inspe-

226 1162 294 1221 rium
312 1161 478 1242 deposuisse
497 1162 664 1241 probemus.
706 1162 795 1221 Nullo
817 1164 935 1240 negotio
959 1165 992 1223 id
1012 1162 1129 1234 snrnat,
1158 1156 1387 1244 (ebeno-81⁴

226 1255 302 1324 perne
321 1246 391 1304 licet
411 1246 546 1305 versione
569 1246 672 1305 butino
695 1247 870 1328 tremitum)
895 1249 1001 1307 Grneci
1024 1256 1125 1306 textns
1151 1244 1291 1307 editionis

227 1328 304 1389 l’rris.
319 1334 407 1396 1627.
421 1331 531 1390 veritas
544 1350 637 1389 annes
653 1329 811 1408 hrphoxud
825 1341 947 1391 cunctos
959 1332 1028 1399 535.
1044 1330 1196 1408 colligens,
1218 1350 1293 1411 qnos

226 1410 273 1471 luc
284 1432 366 1473 eausa
380 1414 458 1473 vitoe
469 1415 553 1474 illius
563 1415 722 1475 tersninusn
736 1414 889 1495 (computo
905 1415 1047 1476 Anthonis
1059 1413 1143 1497 utor)
1159 1416 1190 1475 in
1203 1436 1293 1476 mun·

227 1497 252 1554 dl
271 1502 359 1563 2777.
380 1508 505 1579 seponat
526 1519 644 1558 necesse
665 1507 725 1557 cestr
753 1499 831 1556 idern
856 1500 975 1573 asserit,
1004 1492 1122 1559 llusehii
1145 1500 1240 1560 codex
1264 1509 1294 1559 ot

227 1600 318 1641 suanus
335 1602 399 1662 pag.
417 1587 466 1653 88.
484 1585 519 1646 Ι).
540 1584 591 1662 qui
607 1581 768 1662 lis-plraxod
782 1582 860 1642 vitro
881 1584 954 1642 elios
975 1593 1035 1643 tres
1051 1604 1144 1642 ennon
1159 1585 1293 1664 superin-

225 1667 303 1741 gerit,
324 1668 442 1746 eiusque
463 1668 591 1727 netelcnr
609 1668 686 1725 diem
704 1667 798 1731 2244.
821 1675 857 1725 ut
879 1688 933 1726 suo
955 1668 1073 1727 dicetur·
1094 1667 1164 1728 loco
1184 1690 1293 1729 recen·

225 1757 296 1821 reus,
315 1771 392 1809 nrrno
405 1751 510 1811 muudi
524 1757 615 1819 2782.
633 1751 695 1810 vito
710 1751 843 1809 sunctum
859 1759 992 1812 testetur.

299 1839 360 1898 Τοῦ
373 1857 405 1897 τε
420 1840 540 1899 Καϊνᾶ)
554 1831 641 1916 τνη’.]
672 1834 769 1915 Variis
788 1835 827 1893 ed
845 1855 964 1894 rusnurn
985 1833 1112 1914 surreptis
1130 1833 1293 1909 codicibus,

225 1925 249 1977 et
268 1917 440 1979 abeuntibus
462 1922 495 1980 in
515 1920 631 1980 diversa
647 1919 901 1997 chronologorum
919 1919 1126 1998 opinionibus,
1145 1919 1244 1979 varios
1260 1940 1295 1979 eo

225 2003 256 2060 ds
270 2023 352 2062 ceusu
373 2005 453 2063 circe
475 2005 536 2065 viri
557 2005 687 2064 eiusdem
708 2012 832 2064 sctutcrn
853 2024 990 2063 numeros
1009 2003 1125 2063 Autlror
1149 2005 1294 2081 Georgius

224 2086 396 2147 obuersaritt
427 2091 567 2169 quodque
585 2110 723 2169 praesens
742 2089 914 2148 institutum
933 2097 1063 2170 spectet,
1083 2088 1145 2147 fixo
1163 2088 1296 2168 quando.

224 2174 323 2248 quoad
342 2193 454 2232 snnunr
471 2176 562 2241 2242.
582 2174 745 2254 Arphoxod
760 2173 852 2232 netuli
873 2174 939 2250 die,
961 2183 991 2233 ct
1011 2192 1225 2253 nonnunquam
1247 2194 1295 2232 eo·

224 2258 283 2314 dem
297 2256 333 2316 ad
348 2278 459 2318 eirrsurn
479 2261 570 2325 2243.
587 2259 734 2338 seposito,
755 2258 819 2318 eius
835 2269 968 2337 posteros
985 2277 1063 2316 nnrro
1080 2278 1141 2316 uno
1160 2258 1247 2317 citius
1264 2260 1295 2317 in

223 2340 318 2400 seriem
339 2343 481 2417 odvocat,
502 2352 531 2401 et
549 2343 642 2403 altero
662 2364 740 2402 arrrro
759 2343 874 2401 tardius
891 2363 977 2422 seepe
992 2352 1133 2404 removet.
1175 2345 1242 2415 Quo
1260 2342 1297 2401 tit

222 2432 254 2480 ut
270 2425 426 2506 Arphaxrd
449 2436 535 2502 ortu,
556 2428 594 2487 sd
612 2448 722 2487 onnunr
741 2426 823 2486 hunc
844 2427 880 2484 ab
899 2428 972 2487 ocho
992 2427 1114 2486 condito
1130 2428 1224 2493 2243.
1246 2424 1296 2485 bic

222 2507 370 2587 devincto,
393 2512 495 2571 uelatis
512 2513 580 2577 135.
599 2533 660 2592 quo
677 2512 786 2570 (iscium
801 2512 1007 2590 genuitunnus
1020 2510 1124 2570 rnundi
1137 2515 1297 2577 287801)-

223 2603 328 2653 curret:
355 2595 468 2653 Cairran
490 2601 562 2662 180.
583 2617 641 2674 quo
655 2598 721 2656 Sala
739 2595 834 2655 liliurn
848 2596 994 2677 suscepit,
1017 2595 1122 2655 essendi
1138 2597 1230 2661 2408.
1249 2603 1298 2654 te·

221 2684 331 2755 rrestur,
353 2699 388 2737 oo
410 2679 514 2751 rnursdi
530 2683 647 2740 tendern
666 2684 757 2748 2736.
774 2680 885 2740 Csinan
902 2681 1120 2746 eiusden1358.
1140 2680 1207 2738 Sole
1224 2683 1295 2744 228.

222 2756 310 2820 llebcr
334 2765 384 2828 98.
411 2772 600 2821 numereturr
635 2774 719 2842 perte
747 2784 818 2824 roro
841 2786 879 2823 ex
901 2766 958 2823 nlie
979 2762 1140 2842 Arphuxad
1162 2763 1296 2821 eiusdem

222 2841 309 2923 (quod
323 2846 438 2906 tabulae
451 2857 569 2905 nostroe
582 2846 750 2924 observent)
766 2847 804 2905 ad
818 2848 911 2913 2242.
928 2848 1010 2905 iunte
1026 2854 1198 2924 cornputurn
1213 2845 1296 2905 Afri·

221 2930 282 2987 esni
299 2940 368 2991 ortu
390 2931 502 3009 posito,
532 2932 643 2990 Geinan
659 2932 736 2992 ritae
751 2951 845 2991 onnus
862 2934 933 2999 868.
953 2933 1021 2991 Sale
1042 2933 1117 2998 228.
1132 2929 1231 2990 lieber
1246 2934 1297 2997 98.

220 3009 250 3068 iu
264 3016 473 3080 murrd12786.
489 3016 641 3076 incurrero
657 3015 889 3098 conspiciuntur.

295 3096 357 3158 rtet
374 3102 430 3158 τοῦ
449 3097 547 3158 weliz
565 3100 628 3172 leur
649 3097 698 3179 d‘.]
728 3101 815 3160 lleud
835 3109 903 3159 onte
920 3098 1029 3160 turrim
1049 3098 1197 3177 inceptam
1216 3118 1296 3157 enno

218 3179 315 3239 mundi
331 3184 423 3247 2787.
436 3181 488 3240 sed
503 3190 571 3239 ente
585 3193 682 3241 rrntanr
695 3186 863 3259 linguonum
878 3186 1047 3242 varietatem
1063 3201 1172 3240 arrisum
1189 3180 1298 3241 Phaloc

219 3265 247 3329 4.
268 3265 314 3325 rel
332 3266 422 3325 etium
438 3266 468 3330 5.
484 3264 599 3325 ΔιιιΙιοι·
616 3266 732 3326 sibimet
753 3267 903 3324 contraris
924 3266 1104 3343 loquuturus
1125 3266 1295 3325 nurnerehit
1312 3264 1342 3317 P·
1362 3265 1394 3320 15

217 3367 280 3427 pag.
294 3355 345 3417 89.
364 3352 399 3414 ll.
416 3351 562 3431 praesenti
577 3351 670 3411 errori
684 3352 874 3411 consentiunt
891 3369 964 3429 quae
979 3349 1017 3409 ad
1037 3369 1103 3431 pag.
1120 3355 1171 3417 46.
1187 3352 1299 3429 margi-

217 3452 284 3494 nem
297 3435 496 3497 scribuntur.-

296 3520 362 3598 Pog·
383 3521 435 3587 48.
463 3523 623 3582 Mesene
640 3517 658 3583 o‘
675 3524 737 3583 rein
754 3517 953 3603 stipamine]
974 3517 1126 3577 Videndus
1148 3518 1300 3579 Cedrenus

215 3600 281 3664 loeo
300 3616 367 3664 onte
385 3625 474 3664 unum
487 3605 536 3664 vel
552 3605 673 3663 alterum
688 3614 789 3665 rictam
808 3605 956 3684 exposito.

297 3690 362 3766 Peg.
383 3690 436 3755 44.
464 3682 658 3769 Ἀλεξάνδρου
681 3693 738 3750 rod
762 3686 991 3771 liciniumque]
1020 3686 1105 3761 Quas
1129 3685 1298 3748 Alexandro

215 3770 298 3832 velut
312 3772 440 3834 notheri
458 3773 601 3849 Georgius
617 3773 753 3850 ascribit,
781 3774 923 3834 Eusebius
944 3774 981 3833 de
997 3774 1165 3853 Praeparat.
1186 3773 1297 3849 Eversg.

213 3853 264 3915 lib.
278 3860 308 3921 9.
325 3880 391 3939 cap.
404 3860 453 3924 15.
468 3860 561 3919 refert
578 3858 610 3916 in
625 3856 795 3937 losepbum:
817 3856 869 3918 hio
882 3859 931 3918 lib.
947 3862 975 3923 1.
993 3857 1139 3937 Antiquit.
1155 3879 1220 3936 cup.
1235 3858 1264 3923 5.
1282 3878 1300 3914 u

213 3939 326 4017 stuytts
338 3943 437 4022 primo
450 3943 595 4024 prodiisse
609 3953 750 4003 testatur:
771 3941 916 4023 Iosephus
928 3942 1026 4020 itaque
1039 3951 1068 4001 et
1080 3941 1249 4002 Alexander
1261 3960 1300 4001 ex

212 4024 313 4083 ωάεω
319 4027 453 4105 Sibyllae
465 4028 547 4088 sonte
557 4026 811 4105 hauseruntquue
822 4028 961 4106 deinceps
967 4027 1108 4086 Eusebius
1120 4048 1156 4086 ex
1165 4025 1300 4105 loseplro,

213 4117 242 4168 et
257 4110 402 4186 Georgius
423 4131 463 4170 ex
482 4100 651 4173 Alexandro
665 4114 851 4174 refuderunt.
894 4111 1011 4172 Videris
1026 4112 1146 4172 Eusebii
1166 4132 1233 4192 cap.
1251 4117 1300 4176 17.

214 4203 375 4255 memorato
394 4192 481 4253 libro.
1058 4219 1061 4225 c

296 4273 383 4342 Moeri
401 4275 436 4339 11
448 4274 500 4340 nir
519 4274 751 4361 κατακλυσμόν]
776 4280 918 4340 Memorat
931 4278 1006 4338 baso
1025 4298 1063 4339 ex
1079 4278 1222 4357 Abydeno
1240 4277 1302 4336 En·

211 4364 310 4425 sebius
332 4364 371 4426 de
384 4363 523 4443 Praepar.
536 4363 649 4444 Evang.
669 4366 722 4427 lib.
741 4371 772 4434 9.
792 4385 859 4449 cap.
877 4366 927 4432 14.
946 4383 1023 4445 quae
1043 4362 1161 4424 Autbor
1178 4363 1216 4423 ab
1232 4362 1301 4422 Ale·

282 4465 382 4534 cmg.
398 4461 534 4531 sperus
554 4462 588 4515 n.
1055 4448 1097 4516 et
