<?xml version="1.0" encoding="UTF-8"?>
<!DOCTYPE html PUBLIC "-//W3C//DTD XHTML 1.0 Transitional//EN"
    "http://www.w3.org/TR/xhtml1/DTD/xhtml1-transitional.dtd">
<html xmlns="http://www.w3.org/1999/xhtml" xml:lang="en" lang="en">
 <head>
  <title>
</title>
<meta http-equiv="Content-Type" content="text/html;charset=utf-8" />
  <meta name='ocr-system' content='tesseract 3.04.00' />
  <meta name='ocr-capabilities' content='ocr_page ocr_carea ocr_par ocr_line ocrx_word'/>
</head>
<body>
  <div class='ocr_page' id='page_1' title='image "./corpusscriptoru10berlgoog_0015.png"; bbox 0 0 2958 5002; ppageno 0'>
   <div class='ocr_carea' id='block_1_1' title="bbox 341 399 1047 492">
    <p class='ocr_par' dir='ltr' id='par_1_1' title="bbox 341 399 1047 492">
     <span class='ocr_line' id='line_1_1' title="bbox 341 399 1047 492; baseline 0.003 -4"><span class='ocrx_word' id='word_1_1' title='bbox 341 416 367 488; x_wconf 83' lang='lat'>4</span> <span class='ocrx_word' id='word_1_2' title='bbox 716 399 1047 492; x_wconf 65' lang='lat' dir='ltr'>ocuraoovu</span> 
     </span>
    </p>
   </div>
   <div class='ocr_carea' id='block_1_2' title="bbox 341 540 1365 2851">
    <p class='ocr_par' dir='ltr' id='par_1_2' title="bbox 343 540 1365 743">
     <span class='ocr_line' id='line_1_2' title="bbox 343 540 1365 743; baseline -0.003 -103"><span class='ocrx_word' id='word_1_3' title='bbox 343 577 697 743; x_wconf 51' lang='lat' dir='ltr'>inagisppptumsppprppnt</span> <span class='ocrx_word' id='word_1_4' title='bbox 711 540 847 639; x_wconf 77' lang='lat' dir='ltr'>Calendis</span> <span class='ocrx_word' id='word_1_5' title='bbox 858 575 1082 660; x_wconf 83' lang='lat' dir='ltr'>Septembribus</span> <span class='ocrx_word' id='word_1_6' title='bbox 1102 576 1294 660; x_wconf 72' lang='lat' dir='ltr'>(Dionysius</span> <span class='ocrx_word' id='word_1_7' title='bbox 1317 575 1365 637; x_wconf 67' lang='lat'>111</span> 
     </span>
     <span class='ocr_line' id='line_1_3' title="bbox 344 687 622 726; baseline -0.018 1"><span class='ocrx_word' id='word_1_8' title='bbox 344 687 419 726; x_wconf 82' lang='lat' dir='ltr'>stass.</span> <span class='ocrx_word' id='word_1_9' title='bbox 474 710 481 723; x_wconf 90' lang='lat'>.</span> <span class='ocrx_word' id='word_1_10' title='bbox 517 709 525 724; x_wconf 90' lang='lat'><strong>.</strong></span> <span class='ocrx_word' id='word_1_11' title='bbox 614 707 622 722; x_wconf 91' lang='lat'><strong>.</strong></span> 
     </span>
    </p>

    <p class='ocr_par' dir='ltr' id='par_1_3' title="bbox 341 685 1365 2851">
     <span class='ocr_line' id='line_1_4' title="bbox 426 685 1365 830; baseline -0.006 -20"><span class='ocrx_word' id='word_1_12' title='bbox 426 685 515 830; x_wconf 74' lang='lat' dir='ltr'>apul</span> <span class='ocrx_word' id='word_1_13' title='bbox 544 750 673 809; x_wconf 82' lang='lat' dir='ltr'>Graecos</span> <span class='ocrx_word' id='word_1_14' title='bbox 690 744 811 826; x_wconf 83' lang='lat' dir='ltr'>quidem</span> <span class='ocrx_word' id='word_1_15' title='bbox 833 741 905 804; x_wconf 64' lang='lat' dir='ltr'>tracta·</span> <span class='ocrx_word' id='word_1_16' title='bbox 927 745 1078 825; x_wconf 71' lang='lat' dir='ltr'>Olympici</span> <span class='ocrx_word' id='word_1_17' title='bbox 1104 745 1164 804; x_wconf 86' lang='lat' dir='ltr'>ism</span> <span class='ocrx_word' id='word_1_18' title='bbox 1191 755 1302 806; x_wconf 83' lang='lat' dir='ltr'>aetate</span> <span class='ocrx_word' id='word_1_19' title='bbox 1327 747 1365 827; x_wconf 52' lang='lat' dir='ltr'>t}</span> 
     </span>
     <span class='ocr_line' id='line_1_5' title="bbox 342 830 1365 910; baseline -0.003 -17"><span class='ocrx_word' id='word_1_20' title='bbox 342 833 420 893; x_wconf 86' lang='lat' dir='ltr'>circs</span> <span class='ocrx_word' id='word_1_21' title='bbox 437 855 464 894; x_wconf 88' lang='lat' dir='ltr'>a.</span> <span class='ocrx_word' id='word_1_22' title='bbox 486 836 557 899; x_wconf 85' lang='grc'><strong>888.</strong></span> <span class='ocrx_word' id='word_1_23' title='bbox 574 842 641 893; x_wconf 86' lang='lat' dir='ltr'>ente</span> <span class='ocrx_word' id='word_1_24' title='bbox 658 831 727 891; x_wconf 86' lang='lat' dir='ltr'>Chr.</span> <span class='ocrx_word' id='word_1_25' title='bbox 742 851 772 891; x_wconf 87' lang='lat' dir='ltr'>n.</span> <span class='ocrx_word' id='word_1_26' title='bbox 790 830 1041 909; x_wconf 85' lang='lat' dir='ltr'>quinquennales,</span> <span class='ocrx_word' id='word_1_27' title='bbox 1063 838 1153 909; x_wconf 86' lang='lat' dir='ltr'>atqua</span> <span class='ocrx_word' id='word_1_28' title='bbox 1165 830 1205 889; x_wconf 87' lang='lat' dir='ltr'>ad</span> <span class='ocrx_word' id='word_1_29' title='bbox 1229 832 1365 910; x_wconf 88' lang='lat' dir='ltr'>plenilu</span> 
     </span>
     <span class='ocr_line' id='line_1_6' title="bbox 341 914 1365 997; baseline -0.003 -20"><span class='ocrx_word' id='word_1_30' title='bbox 341 918 423 997; x_wconf 85' lang='lat' dir='ltr'>quod</span> <span class='ocrx_word' id='word_1_31' title='bbox 445 917 610 979; x_wconf 90' lang='lat' dir='ltr'>solstitium</span> <span class='ocrx_word' id='word_1_32' title='bbox 621 917 764 976; x_wconf 83' lang='lat' dir='ltr'>aestivum</span> <span class='ocrx_word' id='word_1_33' title='bbox 778 914 965 994; x_wconf 70' lang='lat' dir='ltr'>sequebatur,</span> <span class='ocrx_word' id='word_1_34' title='bbox 984 914 1139 975; x_wconf 89' lang='lat' dir='ltr'>constituti</span> <span class='ocrx_word' id='word_1_35' title='bbox 1152 923 1256 990; x_wconf 86' lang='lat' dir='ltr'>erant,</span> <span class='ocrx_word' id='word_1_36' title='bbox 1280 916 1365 997; x_wconf 80' lang='lat' dir='ltr'>iamq</span> 
     </span>
     <span class='ocr_line' id='line_1_7' title="bbox 343 998 1359 1081; baseline -0.005 -18"><span class='ocrx_word' id='word_1_37' title='bbox 343 1023 371 1063; x_wconf 87' lang='grc' dir='ltr'>ι.</span> <span class='ocrx_word' id='word_1_38' title='bbox 387 1008 458 1068; x_wconf 90' lang='grc'><strong>777.</strong></span> <span class='ocrx_word' id='word_1_39' title='bbox 473 1002 603 1063; x_wconf 81' lang='lat' dir='ltr'>victores</span> <span class='ocrx_word' id='word_1_40' title='bbox 618 999 772 1081; x_wconf 81' lang='lat' dir='ltr'>Olympici</span> <span class='ocrx_word' id='word_1_41' title='bbox 785 1000 817 1057; x_wconf 91' lang='lat' dir='ltr'>in</span> <span class='ocrx_word' id='word_1_42' title='bbox 834 999 942 1059; x_wconf 85' lang='lat' dir='ltr'>tabulis</span> <span class='ocrx_word' id='word_1_43' title='bbox 951 998 1042 1059; x_wconf 74' lang='lat' dir='ltr'>acris</span> <span class='ocrx_word' id='word_1_44' title='bbox 1055 999 1359 1059; x_wconf 65' lang='lat' dir='ltr'>conscribebantur:</span> 
     </span>
     <span class='ocr_line' id='line_1_8' title="bbox 342 1082 1365 1163; baseline -0.004 -18"><span class='ocrx_word' id='word_1_45' title='bbox 342 1105 412 1145; x_wconf 88' lang='lat' dir='ltr'>men</span> <span class='ocrx_word' id='word_1_46' title='bbox 429 1107 490 1146; x_wconf 79' lang='lat' dir='ltr'>sion</span> <span class='ocrx_word' id='word_1_47' title='bbox 503 1097 573 1146; x_wconf 85' lang='lat' dir='ltr'>ante</span> <span class='ocrx_word' id='word_1_48' title='bbox 582 1084 746 1145; x_wconf 73' lang='lat' dir='ltr'>Alexandri</span> <span class='ocrx_word' id='word_1_49' title='bbox 757 1083 798 1144; x_wconf 79' lang='lat' dir='ltr'>n.</span> <span class='ocrx_word' id='word_1_50' title='bbox 814 1093 939 1143; x_wconf 86' lang='lat' dir='ltr'>aetatem</span> <span class='ocrx_word' id='word_1_51' title='bbox 954 1082 1090 1145; x_wconf 87' lang='lat' dir='ltr'>historici</span> <span class='ocrx_word' id='word_1_52' title='bbox 1105 1083 1365 1163; x_wconf 71' lang='lat' dir='ltr'>Olympioniciss</span> 
     </span>
     <span class='ocr_line' id='line_1_9' title="bbox 344 1162 1365 1250; baseline -0.003 -21"><span class='ocrx_word' id='word_1_53' title='bbox 344 1180 440 1250; x_wconf 85' lang='lat' dir='ltr'>gestas</span> <span class='ocrx_word' id='word_1_54' title='bbox 462 1162 634 1248; x_wconf 80' lang='lat' dir='ltr'>digerendus</span> <span class='ocrx_word' id='word_1_55' title='bbox 651 1170 697 1229; x_wconf 91' lang='lat' dir='ltr'>usi</span> <span class='ocrx_word' id='word_1_56' title='bbox 716 1176 795 1228; x_wconf 87' lang='lat' dir='ltr'>sunt.</span> <span class='ocrx_word' id='word_1_57' title='bbox 838 1168 1008 1227; x_wconf 81' lang='lat' dir='ltr'>Herodotus</span> <span class='ocrx_word' id='word_1_58' title='bbox 1021 1178 1157 1228; x_wconf 87' lang='lat' dir='ltr'>numerat</span> <span class='ocrx_word' id='word_1_59' title='bbox 1169 1162 1308 1250; x_wconf 71' lang='grc' dir='ltr'>γενεάς,</span> <span class='ocrx_word' id='word_1_60' title='bbox 1331 1166 1365 1227; x_wconf 85' lang='grc' dir='ltr'>Τ]</span> 
     </span>
     <span class='ocr_line' id='line_1_10' title="bbox 345 1250 1365 1333; baseline -0.003 -19"><span class='ocrx_word' id='word_1_61' title='bbox 345 1253 431 1314; x_wconf 85' lang='lat' dir='ltr'>dides</span> <span class='ocrx_word' id='word_1_62' title='bbox 454 1275 549 1315; x_wconf 81' lang='lat' dir='ltr'>srssros</span> <span class='ocrx_word' id='word_1_63' title='bbox 572 1253 643 1314; x_wconf 92' lang='lat' dir='ltr'>belli</span> <span class='ocrx_word' id='word_1_64' title='bbox 664 1252 923 1332; x_wconf 75' lang='lat' dir='ltr'>Peloponnesiaci5</span> <span class='ocrx_word' id='word_1_65' title='bbox 945 1263 976 1311; x_wconf 88' lang='lat' dir='ltr'>et</span> <span class='ocrx_word' id='word_1_66' title='bbox 997 1250 1193 1333; x_wconf 79' lang='lat' dir='ltr'>Xenophonti</span> <span class='ocrx_word' id='word_1_67' title='bbox 1221 1252 1365 1332; x_wconf 69' lang='lat' dir='ltr'>(Hellen⁴</span> 
     </span>
     <span class='ocr_line' id='line_1_11' title="bbox 345 1335 1365 1418; baseline -0.003 -20"><span class='ocrx_word' id='word_1_68' title='bbox 345 1339 370 1398; x_wconf 89' lang='lat'>1.</span> <span class='ocrx_word' id='word_1_69' title='bbox 387 1359 414 1399; x_wconf 85' lang='lat' dir='ltr'>c.</span> <span class='ocrx_word' id='word_1_70' title='bbox 431 1346 467 1413; x_wconf 78' lang='lat'>2,</span> <span class='ocrx_word' id='word_1_71' title='bbox 487 1338 525 1398; x_wconf 87' lang='lat'>11.</span> <span class='ocrx_word' id='word_1_72' title='bbox 539 1360 566 1398; x_wconf 86' lang='lat' dir='ltr'>c.</span> <span class='ocrx_word' id='word_1_73' title='bbox 579 1337 614 1417; x_wconf 79' lang='grc'>8)</span> <span class='ocrx_word' id='word_1_74' title='bbox 636 1336 848 1418; x_wconf 81' lang='lat' dir='ltr'>Olympiadem</span> <span class='ocrx_word' id='word_1_75' title='bbox 870 1337 1105 1396; x_wconf 73' lang='lat' dir='ltr'>numerationem</span> <span class='ocrx_word' id='word_1_76' title='bbox 1124 1335 1161 1396; x_wconf 87' lang='lat' dir='ltr'>ab</span> <span class='ocrx_word' id='word_1_77' title='bbox 1174 1336 1280 1397; x_wconf 85' lang='lat' dir='ltr'>aliena</span> <span class='ocrx_word' id='word_1_78' title='bbox 1298 1357 1365 1395; x_wconf 83' lang='lat' dir='ltr'>naar</span> 
     </span>
     <span class='ocr_line' id='line_1_12' title="bbox 346 1419 1360 1503; baseline 0 -23"><span class='ocrx_word' id='word_1_79' title='bbox 346 1431 456 1481; x_wconf 87' lang='lat' dir='ltr'>sertam</span> <span class='ocrx_word' id='word_1_80' title='bbox 477 1442 554 1499; x_wconf 87' lang='lat' dir='ltr'>esse,</span> <span class='ocrx_word' id='word_1_81' title='bbox 576 1422 625 1483; x_wconf 85' lang='lat' dir='ltr'>vel</span> <span class='ocrx_word' id='word_1_82' title='bbox 648 1422 719 1481; x_wconf 86' lang='lat' dir='ltr'>inde</span> <span class='ocrx_word' id='word_1_83' title='bbox 735 1430 833 1500; x_wconf 70' lang='lat' dir='ltr'>piant,</span> <span class='ocrx_word' id='word_1_84' title='bbox 854 1421 937 1499; x_wconf 86' lang='lat' dir='ltr'>quod</span> <span class='ocrx_word' id='word_1_85' title='bbox 949 1419 1023 1482; x_wconf 84' lang='lat' dir='ltr'>heac</span> <span class='ocrx_word' id='word_1_86' title='bbox 1044 1421 1265 1503; x_wconf 81' lang='lat' dir='ltr'>Olympiadem</span> <span class='ocrx_word' id='word_1_87' title='bbox 1282 1441 1360 1480; x_wconf 86' lang='lat' dir='ltr'>cum</span> 
     </span>
     <span class='ocr_line' id='line_1_13' title="bbox 345 1502 1365 1586; baseline -0.002 -21"><span class='ocrx_word' id='word_1_88' title='bbox 345 1505 571 1585; x_wconf 82' lang='lat' dir='ltr'>Xossophonteis</span> <span class='ocrx_word' id='word_1_89' title='bbox 590 1504 772 1586; x_wconf 86' lang='lat' dir='ltr'>comparatio</span> <span class='ocrx_word' id='word_1_90' title='bbox 794 1502 849 1561; x_wconf 86' lang='lat' dir='ltr'>sibi</span> <span class='ocrx_word' id='word_1_91' title='bbox 866 1504 929 1582; x_wconf 86' lang='lat' dir='ltr'>ipss</span> <span class='ocrx_word' id='word_1_92' title='bbox 952 1502 1141 1582; x_wconf 79' lang='lat' dir='ltr'>adversatur,</span> <span class='ocrx_word' id='word_1_93' title='bbox 1163 1506 1287 1566; x_wconf 82' lang='lat' dir='ltr'>etiamsi</span> <span class='ocrx_word' id='word_1_94' title='bbox 1306 1507 1365 1565; x_wconf 88' lang='lat' dir='ltr'>Pol</span> 
     </span>
     <span class='ocr_line' id='line_1_14' title="bbox 347 1584 1365 1671; baseline -0.002 -22"><span class='ocrx_word' id='word_1_95' title='bbox 347 1591 445 1671; x_wconf 81' lang='lat' dir='ltr'>(Tum.</span> <span class='ocrx_word' id='word_1_96' title='bbox 462 1591 514 1648; x_wconf 90' lang='grc' dir='ltr'><strong>ΙΙΙ.</strong></span> <span class='ocrx_word' id='word_1_97' title='bbox 530 1609 595 1670; x_wconf 82' lang='lat' dir='ltr'>pag.</span> <span class='ocrx_word' id='word_1_98' title='bbox 611 1592 662 1655; x_wconf 75' lang='grc'>41.</span> <span class='ocrx_word' id='word_1_99' title='bbox 679 1592 730 1655; x_wconf 73' lang='grc'>42.</span> <span class='ocrx_word' id='word_1_100' title='bbox 745 1586 817 1647; x_wconf 88' lang='lat' dir='ltr'>edit.</span> <span class='ocrx_word' id='word_1_101' title='bbox 832 1584 964 1665; x_wconf 78' lang='lat' dir='ltr'>Ernesti)</span> <span class='ocrx_word' id='word_1_102' title='bbox 977 1607 1039 1647; x_wconf 87' lang='lat' dir='ltr'>non</span> <span class='ocrx_word' id='word_1_103' title='bbox 1054 1589 1279 1667; x_wconf 85' lang='lat' dir='ltr'>admonuisset,</span> <span class='ocrx_word' id='word_1_104' title='bbox 1303 1611 1365 1649; x_wconf 86' lang='lat' dir='ltr'>ann</span> 
     </span>
     <span class='ocr_line' id='line_1_15' title="bbox 345 1669 1365 1755; baseline 0.001 -22"><span class='ocrx_word' id='word_1_105' title='bbox 345 1675 574 1755; x_wconf 78' lang='lat' dir='ltr'>(llyrnpicorum</span> <span class='ocrx_word' id='word_1_106' title='bbox 590 1673 684 1745; x_wconf 81' lang='lat' dir='ltr'>notis,</span> <span class='ocrx_word' id='word_1_107' title='bbox 707 1691 767 1730; x_wconf 79' lang='lat' dir='ltr'>ursa</span> <span class='ocrx_word' id='word_1_108' title='bbox 781 1691 851 1729; x_wconf 90' lang='lat' dir='ltr'>cum</span> <span class='ocrx_word' id='word_1_109' title='bbox 864 1669 1051 1731; x_wconf 77' lang='lat' dir='ltr'>drebontum</span> <span class='ocrx_word' id='word_1_110' title='bbox 1064 1673 1236 1732; x_wconf 89' lang='lat' dir='ltr'>nominibus</span> <span class='ocrx_word' id='word_1_111' title='bbox 1250 1675 1365 1753; x_wconf 85' lang='lat' dir='ltr'>positia</span> 
     </span>
     <span class='ocr_line' id='line_1_16' title="bbox 344 1753 1365 1839; baseline -0.001 -21"><span class='ocrx_word' id='word_1_112' title='bbox 344 1759 465 1818; x_wconf 86' lang='lat' dir='ltr'>storiam</span> <span class='ocrx_word' id='word_1_113' title='bbox 489 1757 619 1839; x_wconf 82' lang='lat' dir='ltr'>primurn</span> <span class='ocrx_word' id='word_1_114' title='bbox 638 1756 791 1815; x_wconf 74' lang='lat' dir='ltr'>Thraecum</span> <span class='ocrx_word' id='word_1_115' title='bbox 810 1753 989 1814; x_wconf 82' lang='lat' dir='ltr'>distinxisse.</span> <span class='ocrx_word' id='word_1_116' title='bbox 1010 1788 1052 1801; x_wconf 92' lang='lat'>-</span> <span class='ocrx_word' id='word_1_117' title='bbox 1074 1756 1171 1836; x_wconf 79' lang='lat' dir='ltr'>Atque</span> <span class='ocrx_word' id='word_1_118' title='bbox 1189 1758 1277 1838; x_wconf 84' lang='lat' dir='ltr'>apud</span> <span class='ocrx_word' id='word_1_119' title='bbox 1298 1760 1365 1817; x_wconf 76' lang='lat' dir='ltr'>iton</span> 
     </span>
     <span class='ocr_line' id='line_1_17' title="bbox 343 1838 1365 1925; baseline -0.003 -22"><span class='ocrx_word' id='word_1_120' title='bbox 343 1865 405 1904; x_wconf 89' lang='lat' dir='ltr'>non</span> <span class='ocrx_word' id='word_1_121' title='bbox 426 1843 511 1925; x_wconf 84' lang='lat' dir='ltr'>prius</span> <span class='ocrx_word' id='word_1_122' title='bbox 532 1862 620 1921; x_wconf 81' lang='lat' dir='ltr'>quam</span> <span class='ocrx_word' id='word_1_123' title='bbox 640 1838 791 1901; x_wconf 83' lang='lat' dir='ltr'>Ciceronis</span> <span class='ocrx_word' id='word_1_124' title='bbox 811 1848 906 1899; x_wconf 85' lang='lat' dir='ltr'>aetate</span> <span class='ocrx_word' id='word_1_125' title='bbox 924 1838 1013 1902; x_wconf 64' lang='lat' dir='ltr'>Assoi</span> <span class='ocrx_word' id='word_1_126' title='bbox 1044 1839 1135 1898; x_wconf 79' lang='lat' dir='ltr'>Urbis</span> <span class='ocrx_word' id='word_1_127' title='bbox 1157 1839 1307 1900; x_wconf 77' lang='lat' dir='ltr'>aurulitae</span> <span class='ocrx_word' id='word_1_128' title='bbox 1329 1863 1365 1901; x_wconf 91' lang='lat' dir='ltr'>co</span> 
     </span>
     <span class='ocr_line' id='line_1_18' title="bbox 345 1922 1365 2005; baseline -0.002 -18"><span class='ocrx_word' id='word_1_129' title='bbox 345 1936 426 2002; x_wconf 76' lang='lat' dir='ltr'>satsat,</span> <span class='ocrx_word' id='word_1_130' title='bbox 448 1946 504 1987; x_wconf 87' lang='lat' dir='ltr'>nec</span> <span class='ocrx_word' id='word_1_131' title='bbox 526 1927 628 1985; x_wconf 87' lang='lat' dir='ltr'>mirari</span> <span class='ocrx_word' id='word_1_132' title='bbox 645 1926 724 1995; x_wconf 86' lang='lat' dir='ltr'>licet,</span> <span class='ocrx_word' id='word_1_133' title='bbox 749 1924 832 2002; x_wconf 89' lang='lat' dir='ltr'>quod</span> <span class='ocrx_word' id='word_1_134' title='bbox 846 1924 879 1982; x_wconf 92' lang='lat' dir='ltr'>in</span> <span class='ocrx_word' id='word_1_135' title='bbox 892 1922 1115 2001; x_wconf 86' lang='lat' dir='ltr'>diligentissime</span> <span class='ocrx_word' id='word_1_136' title='bbox 1131 1945 1254 2005; x_wconf 84' lang='lat' dir='ltr'>quoquo</span> <span class='ocrx_word' id='word_1_137' title='bbox 1268 1927 1365 1985; x_wconf 88' lang='lat' dir='ltr'>collcc</span> 
     </span>
     <span class='ocr_line' id='line_1_19' title="bbox 345 2006 1365 2071; baseline 0 -1"><span class='ocrx_word' id='word_1_138' title='bbox 345 2013 422 2070; x_wconf 86' lang='lat' dir='ltr'>alius</span> <span class='ocrx_word' id='word_1_139' title='bbox 437 2012 526 2071; x_wconf 87' lang='lat' dir='ltr'>alium</span> <span class='ocrx_word' id='word_1_140' title='bbox 541 2029 687 2069; x_wconf 72' lang='lat' dir='ltr'>suariorum</span> <span class='ocrx_word' id='word_1_141' title='bbox 706 2027 861 2067; x_wconf 80' lang='lat' dir='ltr'>riumerum</span> <span class='ocrx_word' id='word_1_142' title='bbox 874 2006 1034 2069; x_wconf 84' lang='lat' dir='ltr'>invenerit.</span> <span class='ocrx_word' id='word_1_143' title='bbox 1075 2009 1172 2070; x_wconf 80' lang='lat' dir='ltr'>Labor</span> <span class='ocrx_word' id='word_1_144' title='bbox 1185 2010 1277 2069; x_wconf 87' lang='lat' dir='ltr'>multi</span> <span class='ocrx_word' id='word_1_145' title='bbox 1292 2031 1329 2070; x_wconf 90' lang='lat' dir='ltr'>sc</span> <span class='ocrx_word' id='word_1_146' title='bbox 1341 2032 1365 2069; x_wconf 85' lang='lat' dir='ltr'>m</span> 
     </span>
     <span class='ocr_line' id='line_1_20' title="bbox 344 2093 1365 2172; baseline -0.004 -17"><span class='ocrx_word' id='word_1_147' title='bbox 344 2116 412 2155; x_wconf 86' lang='lat' dir='ltr'>rum</span> <span class='ocrx_word' id='word_1_148' title='bbox 443 2096 561 2155; x_wconf 84' lang='lat' dir='ltr'>sudoris</span> <span class='ocrx_word' id='word_1_149' title='bbox 583 2095 657 2168; x_wconf 86' lang='lat' dir='ltr'>luit,</span> <span class='ocrx_word' id='word_1_150' title='bbox 685 2096 822 2151; x_wconf 72' lang='lat' dir='ltr'>asoarium</span> <span class='ocrx_word' id='word_1_151' title='bbox 840 2093 1023 2170; x_wconf 82' lang='lat' dir='ltr'>Consulum,</span> <span class='ocrx_word' id='word_1_152' title='bbox 1050 2094 1184 2154; x_wconf 85' lang='lat' dir='ltr'>omniurn</span> <span class='ocrx_word' id='word_1_153' title='bbox 1213 2095 1365 2172; x_wconf 68' lang='lat' dir='ltr'>magistrat</span> 
     </span>
     <span class='ocr_line' id='line_1_21' title="bbox 345 2176 1365 2258; baseline -0.006 -14"><span class='ocrx_word' id='word_1_154' title='bbox 345 2176 550 2258; x_wconf 68' lang='lat' dir='ltr'>inmaduisse</span> <span class='ocrx_word' id='word_1_155' title='bbox 574 2179 666 2253; x_wconf 90' lang='lat' dir='ltr'>libris,</span> <span class='ocrx_word' id='word_1_156' title='bbox 689 2176 798 2254; x_wconf 87' lang='lat' dir='ltr'>liuteis,</span> <span class='ocrx_word' id='word_1_157' title='bbox 820 2176 1025 2247; x_wconf 75' lang='lat' dir='ltr'>marmoribus,</span> <span class='ocrx_word' id='word_1_158' title='bbox 1045 2197 1121 2255; x_wconf 87' lang='lat' dir='ltr'>sere,</span> <span class='ocrx_word' id='word_1_159' title='bbox 1143 2179 1365 2255; x_wconf 73' lang='lat' dir='ltr'>rsummis,sc1</span> 
     </span>
     <span class='ocr_line' id='line_1_22' title="bbox 346 2262 1363 2342; baseline -0.002 -17"><span class='ocrx_word' id='word_1_160' title='bbox 346 2284 363 2325; x_wconf 93' lang='lat' dir='ltr'>e</span> <span class='ocrx_word' id='word_1_161' title='bbox 383 2265 460 2323; x_wconf 79' lang='lat' dir='ltr'>fairra</span> <span class='ocrx_word' id='word_1_162' title='bbox 473 2263 643 2339; x_wconf 86' lang='lat' dir='ltr'>hominum,</span> <span class='ocrx_word' id='word_1_163' title='bbox 665 2263 784 2322; x_wconf 87' lang='lat' dir='ltr'>nomina</span> <span class='ocrx_word' id='word_1_164' title='bbox 798 2262 950 2339; x_wconf 77' lang='lat' dir='ltr'>colligere,</span> <span class='ocrx_word' id='word_1_165' title='bbox 962 2263 1097 2342; x_wconf 84' lang='lat' dir='ltr'>quemvis</span> <span class='ocrx_word' id='word_1_166' title='bbox 1112 2266 1145 2322; x_wconf 88' lang='lat' dir='ltr'>in</span> <span class='ocrx_word' id='word_1_167' title='bbox 1160 2266 1262 2323; x_wconf 88' lang='lat' dir='ltr'>locum</span> <span class='ocrx_word' id='word_1_168' title='bbox 1274 2284 1363 2323; x_wconf 89' lang='lat' dir='ltr'>suum</span> 
     </span>
     <span class='ocr_line' id='line_1_23' title="bbox 346 2348 1365 2430; baseline -0.001 -21"><span class='ocrx_word' id='word_1_169' title='bbox 346 2369 475 2430; x_wconf 90' lang='lat' dir='ltr'>ponere,</span> <span class='ocrx_word' id='word_1_170' title='bbox 497 2369 535 2407; x_wconf 87' lang='lat' dir='ltr'>un</span> <span class='ocrx_word' id='word_1_171' title='bbox 553 2358 648 2407; x_wconf 81' lang='lat' dir='ltr'>toturn</span> <span class='ocrx_word' id='word_1_172' title='bbox 663 2366 717 2426; x_wconf 89' lang='lat' dir='ltr'>per</span> <span class='ocrx_word' id='word_1_173' title='bbox 737 2366 861 2420; x_wconf 88' lang='lat' dir='ltr'>annum,</span> <span class='ocrx_word' id='word_1_174' title='bbox 884 2367 921 2405; x_wconf 89' lang='lat' dir='ltr'>an</span> <span class='ocrx_word' id='word_1_175' title='bbox 935 2357 1051 2427; x_wconf 86' lang='lat' dir='ltr'>partem</span> <span class='ocrx_word' id='word_1_176' title='bbox 1072 2348 1144 2407; x_wconf 77' lang='lat' dir='ltr'>astiti</span> <span class='ocrx_word' id='word_1_177' title='bbox 1163 2349 1365 2429; x_wconf 80' lang='lat' dir='ltr'>rempublicam</span> 
     </span>
     <span class='ocr_line' id='line_1_24' title="bbox 346 2429 1365 2513; baseline 0 -20"><span class='ocrx_word' id='word_1_178' title='bbox 346 2433 580 2493; x_wconf 80' lang='lat' dir='ltr'>ministraverint</span> <span class='ocrx_word' id='word_1_179' title='bbox 601 2429 782 2503; x_wconf 85' lang='lat' dir='ltr'>consectari,</span> <span class='ocrx_word' id='word_1_180' title='bbox 802 2451 864 2509; x_wconf 86' lang='lat' dir='ltr'>quo</span> <span class='ocrx_word' id='word_1_181' title='bbox 888 2431 937 2490; x_wconf 86' lang='lat' dir='ltr'>die</span> <span class='ocrx_word' id='word_1_182' title='bbox 953 2432 1155 2505; x_wconf 87' lang='lat' dir='ltr'>magistratum</span> <span class='ocrx_word' id='word_1_183' title='bbox 1169 2432 1311 2510; x_wconf 83' lang='lat' dir='ltr'>inierint,</span> <span class='ocrx_word' id='word_1_184' title='bbox 1335 2454 1365 2513; x_wconf 79' lang='lat' dir='ltr'>qt</span> 
     </span>
     <span class='ocr_line' id='line_1_25' title="bbox 347 2515 1351 2596; baseline 0.001 -21"><span class='ocrx_word' id='word_1_185' title='bbox 347 2518 434 2576; x_wconf 80' lang='lat' dir='ltr'>erariis</span> <span class='ocrx_word' id='word_1_186' title='bbox 449 2517 534 2575; x_wconf 88' lang='lat' dir='ltr'>initia</span> <span class='ocrx_word' id='word_1_187' title='bbox 549 2518 771 2594; x_wconf 73' lang='lat' dir='ltr'>magistratuum</span> <span class='ocrx_word' id='word_1_188' title='bbox 787 2524 897 2573; x_wconf 70' lang='lat' dir='ltr'>irratam</span> <span class='ocrx_word' id='word_1_189' title='bbox 913 2515 974 2573; x_wconf 89' lang='lat' dir='ltr'>sint</span> <span class='ocrx_word' id='word_1_190' title='bbox 988 2517 1166 2595; x_wconf 82' lang='lat' dir='ltr'>conquirere</span> <span class='ocrx_word' id='word_1_191' title='bbox 1183 2538 1219 2576; x_wconf 88' lang='lat' dir='ltr'>sc</span> <span class='ocrx_word' id='word_1_192' title='bbox 1234 2537 1351 2596; x_wconf 85' lang='lat' dir='ltr'>saepes</span> 
     </span>
     <span class='ocr_line' id='line_1_26' title="bbox 346 2600 1365 2678; baseline 0.001 -18"><span class='ocrx_word' id='word_1_193' title='bbox 346 2602 470 2662; x_wconf 88' lang='lat' dir='ltr'>iecturis</span> <span class='ocrx_word' id='word_1_194' title='bbox 497 2611 613 2660; x_wconf 72' lang='lat' dir='ltr'>tanatum</span> <span class='ocrx_word' id='word_1_195' title='bbox 632 2600 814 2674; x_wconf 77' lang='lat' dir='ltr'>discernere,</span> <span class='ocrx_word' id='word_1_196' title='bbox 838 2600 921 2659; x_wconf 88' lang='lat' dir='ltr'>labor</span> <span class='ocrx_word' id='word_1_197' title='bbox 940 2600 1026 2659; x_wconf 89' lang='lat' dir='ltr'>snulti</span> <span class='ocrx_word' id='word_1_198' title='bbox 1047 2602 1165 2662; x_wconf 85' lang='lat' dir='ltr'>sudoris</span> <span class='ocrx_word' id='word_1_199' title='bbox 1187 2602 1260 2678; x_wconf 87' lang='lat' dir='ltr'>tuit,</span> <span class='ocrx_word' id='word_1_200' title='bbox 1281 2600 1365 2661; x_wconf 84' lang='lat' dir='ltr'>hasn</span> 
     </span>
     <span class='ocr_line' id='line_1_27' title="bbox 347 2683 1365 2764; baseline 0.002 -19"><span class='ocrx_word' id='word_1_201' title='bbox 347 2696 497 2745; x_wconf 81' lang='lat' dir='ltr'>stratuum</span> <span class='ocrx_word' id='word_1_202' title='bbox 525 2686 614 2744; x_wconf 82' lang='lat' dir='ltr'>series</span> <span class='ocrx_word' id='word_1_203' title='bbox 636 2684 767 2764; x_wconf 82' lang='lat' dir='ltr'>plurium</span> <span class='ocrx_word' id='word_1_204' title='bbox 789 2683 1076 2764; x_wconf 84' lang='lat' dir='ltr'>rerumpublicarum</span> <span class='ocrx_word' id='word_1_205' title='bbox 1099 2687 1177 2746; x_wconf 89' lang='lat' dir='ltr'>inter</span> <span class='ocrx_word' id='word_1_206' title='bbox 1196 2707 1228 2747; x_wconf 89' lang='lat' dir='ltr'>se</span> <span class='ocrx_word' id='word_1_207' title='bbox 1250 2687 1365 2747; x_wconf 80' lang='lat' dir='ltr'>confers</span> 
     </span>
     <span class='ocr_line' id='line_1_28' title="bbox 348 2770 1192 2851; baseline 0.008 -23"><span class='ocrx_word' id='word_1_208' title='bbox 348 2771 510 2829; x_wconf 81' lang='lat' dir='ltr'>multarum</span> <span class='ocrx_word' id='word_1_209' title='bbox 528 2771 681 2828; x_wconf 86' lang='lat' dir='ltr'>nationum</span> <span class='ocrx_word' id='word_1_210' title='bbox 696 2790 744 2828; x_wconf 87' lang='lat' dir='ltr'>res</span> <span class='ocrx_word' id='word_1_211' title='bbox 757 2779 852 2847; x_wconf 90' lang='lat' dir='ltr'>gestas</span> <span class='ocrx_word' id='word_1_212' title='bbox 869 2770 991 2829; x_wconf 84' lang='lat' dir='ltr'>interae</span> <span class='ocrx_word' id='word_1_213' title='bbox 1006 2772 1192 2851; x_wconf 79' lang='lat' dir='ltr'>coniungere</span> 
     </span>
    </p>
   </div>
   <div class='ocr_carea' id='block_1_3' title="bbox 383 2950 1365 4441">
    <p class='ocr_par' dir='ltr' id='par_1_4' title="bbox 383 2950 1365 4441">
     <span class='ocr_line' id='line_1_29' title="bbox 383 2950 1365 3073; baseline -0.001 -66"><span class='ocrx_word' id='word_1_214' title='bbox 383 2951 414 3021; x_wconf 84' lang='lat'>1)</span> <span class='ocrx_word' id='word_1_215' title='bbox 433 2950 606 3004; x_wconf 80' lang='lat' dir='ltr'>Molestissinl</span> <span class='ocrx_word' id='word_1_216' title='bbox 622 2950 719 3004; x_wconf 85' lang='lat' dir='ltr'>laboris</span> <span class='ocrx_word' id='word_1_217' title='bbox 731 2952 949 3015; x_wconf 41' lang='lat' dir='ltr'>est,1nutationes</span> <span class='ocrx_word' id='word_1_218' title='bbox 963 2951 1083 3073; x_wconf 73' lang='lat' dir='ltr'>principii</span> <span class='ocrx_word' id='word_1_219' title='bbox 1096 2951 1239 3006; x_wconf 84' lang='lat' dir='ltr'>eonmlatus</span> <span class='ocrx_word' id='word_1_220' title='bbox 1249 2952 1365 3006; x_wconf 69' lang='lat' dir='ltr'>llonsnit</span> 
     </span>
     <span class='ocr_line' id='line_1_30' title="bbox 416 3018 1365 3092; baseline 0.001 -20"><span class='ocrx_word' id='word_1_221' title='bbox 416 3021 477 3084; x_wconf 84' lang='lat' dir='ltr'>vio,</span> <span class='ocrx_word' id='word_1_222' title='bbox 494 3018 617 3089; x_wconf 77' lang='lat' dir='ltr'>Dionysio</span> <span class='ocrx_word' id='word_1_223' title='bbox 633 3020 866 3084; x_wconf 83' lang='lat' dir='ltr'>llelioemassensl,</span> <span class='ocrx_word' id='word_1_224' title='bbox 884 3021 1031 3084; x_wconf 80' lang='lat' dir='ltr'>Plutarcho,</span> <span class='ocrx_word' id='word_1_225' title='bbox 1064 3020 1135 3074; x_wconf 79' lang='lat' dir='ltr'>&#39;astb</span> <span class='ocrx_word' id='word_1_226' title='bbox 1148 3022 1365 3092; x_wconf 74' lang='lat' dir='ltr'>&#39;l&#39;riuorpbslibuss</span> 
     </span>
     <span class='ocr_line' id='line_1_31' title="bbox 433 3088 1365 3161; baseline 0 -18"><span class='ocrx_word' id='word_1_227' title='bbox 433 3106 467 3143; x_wconf 87' lang='lat' dir='ltr'>ue</span> <span class='ocrx_word' id='word_1_228' title='bbox 479 3088 601 3158; x_wconf 83' lang='lat' dir='ltr'>colligere</span> <span class='ocrx_word' id='word_1_229' title='bbox 617 3098 698 3159; x_wconf 72' lang='lat' dir='ltr'>stipae</span> <span class='ocrx_word' id='word_1_230' title='bbox 716 3105 796 3141; x_wconf 83' lang='lat' dir='ltr'>anuos</span> <span class='ocrx_word' id='word_1_231' title='bbox 817 3089 926 3157; x_wconf 80' lang='lat' dir='ltr'>uanique</span> <span class='ocrx_word' id='word_1_232' title='bbox 941 3097 1028 3161; x_wconf 85' lang='lat' dir='ltr'>partes</span> <span class='ocrx_word' id='word_1_233' title='bbox 1045 3090 1216 3153; x_wconf 86' lang='lat' dir='ltr'>constituere,</span> <span class='ocrx_word' id='word_1_234' title='bbox 1237 3093 1324 3161; x_wconf 83' lang='lat' dir='ltr'>quibus</span> <span class='ocrx_word' id='word_1_235' title='bbox 1338 3106 1365 3143; x_wconf 85' lang='lat' dir='ltr'>eo</span> 
     </span>
     <span class='ocr_line' id='line_1_32' title="bbox 457 3158 1349 3228; baseline 0 -17"><span class='ocrx_word' id='word_1_236' title='bbox 457 3175 473 3211; x_wconf 90' lang='lat' dir='ltr'>e</span> <span class='ocrx_word' id='word_1_237' title='bbox 491 3158 632 3211; x_wconf 82' lang='lat' dir='ltr'>videantur.</span> <span class='ocrx_word' id='word_1_238' title='bbox 667 3158 826 3228; x_wconf 78' lang='lat' dir='ltr'>Quamquam</span> <span class='ocrx_word' id='word_1_239' title='bbox 848 3159 896 3211; x_wconf 84' lang='lat' dir='ltr'>hoc</span> <span class='ocrx_word' id='word_1_240' title='bbox 909 3159 964 3212; x_wconf 87' lang='lat' dir='ltr'>ioco</span> <span class='ocrx_word' id='word_1_241' title='bbox 982 3159 1094 3212; x_wconf 79' lang='lat' dir='ltr'>raticosa</span> <span class='ocrx_word' id='word_1_242' title='bbox 1111 3161 1245 3228; x_wconf 72' lang='lat' dir='ltr'>probantes</span> <span class='ocrx_word' id='word_1_243' title='bbox 1259 3177 1305 3212; x_wconf 86' lang='lat' dir='ltr'>oon</span> <span class='ocrx_word' id='word_1_244' title='bbox 1318 3159 1349 3211; x_wconf 89' lang='lat' dir='ltr'>ad</span> 
     </span>
     <span class='ocr_line' id='line_1_33' title="bbox 415 3225 1365 3297; baseline -0.002 -18"><span class='ocrx_word' id='word_1_245' title='bbox 415 3233 499 3279; x_wconf 72' lang='lat' dir='ltr'>umen</span> <span class='ocrx_word' id='word_1_246' title='bbox 518 3243 567 3279; x_wconf 86' lang='lat' dir='ltr'>nou</span> <span class='ocrx_word' id='word_1_247' title='bbox 582 3226 710 3295; x_wconf 77' lang='lat' dir='ltr'>ingratum</span> <span class='ocrx_word' id='word_1_248' title='bbox 727 3227 782 3280; x_wconf 85' lang='lat' dir='ltr'>lore</span> <span class='ocrx_word' id='word_1_249' title='bbox 796 3225 920 3290; x_wconf 84' lang='lat' dir='ltr'>arbitror,</span> <span class='ocrx_word' id='word_1_250' title='bbox 937 3226 959 3280; x_wconf 92' lang='lat' dir='ltr'>si</span> <span class='ocrx_word' id='word_1_251' title='bbox 974 3228 1125 3281; x_wconf 83' lang='lat' dir='ltr'>mutetiones</span> <span class='ocrx_word' id='word_1_252' title='bbox 1142 3228 1212 3297; x_wconf 87' lang='lat' dir='ltr'>ipsas</span> <span class='ocrx_word' id='word_1_253' title='bbox 1230 3229 1337 3281; x_wconf 74' lang='lat' dir='ltr'>breviter</span> <span class='ocrx_word' id='word_1_254' title='bbox 1354 3243 1365 3277; x_wconf 85' lang='grc' dir='ltr'>ι</span> 
     </span>
     <span class='ocr_line' id='line_1_34' title="bbox 416 3293 1365 3365; baseline 0.001 -20"><span class='ocrx_word' id='word_1_255' title='bbox 416 3293 496 3356; x_wconf 86' lang='lat' dir='ltr'>dero,</span> <span class='ocrx_word' id='word_1_256' title='bbox 512 3295 654 3362; x_wconf 71' lang='lat' dir='ltr'>quomagis</span> <span class='ocrx_word' id='word_1_257' title='bbox 668 3294 812 3357; x_wconf 83' lang='lat' dir='ltr'>elucescat,</span> <span class='ocrx_word' id='word_1_258' title='bbox 827 3295 929 3364; x_wconf 75' lang='lat' dir='ltr'>quentis</span> <span class='ocrx_word' id='word_1_259' title='bbox 941 3296 1136 3349; x_wconf 81' lang='lat' dir='ltr'>difficultatibus</span> <span class='ocrx_word' id='word_1_260' title='bbox 1153 3297 1308 3365; x_wconf 79' lang='lat' dir='ltr'>chronologia</span> <span class='ocrx_word' id='word_1_261' title='bbox 1324 3302 1365 3349; x_wconf 86' lang='lat' dir='ltr'>ant</span> 
     </span>
     <span class='ocr_line' id='line_1_35' title="bbox 415 3360 1004 3432; baseline 0.003 -20"><span class='ocrx_word' id='word_1_262' title='bbox 415 3362 548 3413; x_wconf 84' lang='lat' dir='ltr'>obstructa</span> <span class='ocrx_word' id='word_1_263' title='bbox 559 3360 608 3421; x_wconf 88' lang='lat' dir='ltr'>sit,</span> <span class='ocrx_word' id='word_1_264' title='bbox 625 3363 769 3432; x_wconf 80' lang='lat' dir='ltr'>leri-uosque</span> <span class='ocrx_word' id='word_1_265' title='bbox 783 3364 897 3415; x_wconf 83' lang='lat' dir='ltr'>attrabut</span> <span class='ocrx_word' id='word_1_266' title='bbox 908 3364 1004 3417; x_wconf 70' lang='lat' dir='ltr'>ulrum</span> 
     </span>
     <span class='ocr_line' id='line_1_36' title="bbox 433 3427 1365 3549; baseline 0.004 -68"><span class='ocrx_word' id='word_1_267' title='bbox 433 3430 467 3481; x_wconf 88' lang='lat' dir='ltr'>sb</span> <span class='ocrx_word' id='word_1_268' title='bbox 483 3445 508 3483; x_wconf 88' lang='lat' dir='ltr'>s.</span> <span class='ocrx_word' id='word_1_269' title='bbox 526 3427 561 3480; x_wconf 89' lang='lat' dir='ltr'>U.</span> <span class='ocrx_word' id='word_1_270' title='bbox 576 3427 734 3549; x_wconf 56' lang='grc' dir='ltr'><strong>244-26ῗ)</strong></span> <span class='ocrx_word' id='word_1_271' title='bbox 746 3430 871 3549; x_wconf 40' lang='lat' dir='ltr'>Quantas</span> <span class='ocrx_word' id='word_1_272' title='bbox 890 3432 1064 3499; x_wconf 79' lang='lat' dir='ltr'>magistratum</span> <span class='ocrx_word' id='word_1_273' title='bbox 1083 3432 1194 3488; x_wconf 86' lang='lat' dir='ltr'>inierunt</span> <span class='ocrx_word' id='word_1_274' title='bbox 1208 3432 1320 3489; x_wconf 84' lang='lat' dir='ltr'>Calendis</span> <span class='ocrx_word' id='word_1_275' title='bbox 1340 3432 1365 3485; x_wconf 50' lang='lat'>01</span> 
     </span>
     <span class='ocr_line' id='line_1_37' title="bbox 736 3514 816 3550; baseline 0.025 -2"><span class='ocrx_word' id='word_1_276' title='bbox 736 3514 758 3549; x_wconf 85' lang='lat' dir='ltr'>rs</span> <span class='ocrx_word' id='word_1_277' title='bbox 776 3514 816 3550; x_wconf 88' lang='lat' dir='ltr'>us.</span> 
     </span>
     <span class='ocr_line' id='line_1_38' title="bbox 482 3562 813 3634; baseline 0.003 -16"><span class='ocrx_word' id='word_1_278' title='bbox 482 3581 507 3618; x_wconf 79' lang='lat' dir='ltr'>e</span> <span class='ocrx_word' id='word_1_279' title='bbox 524 3564 574 3620; x_wconf 72' lang='lat' dir='ltr'>bit</span> <span class='ocrx_word' id='word_1_280' title='bbox 592 3562 650 3617; x_wconf 84' lang='lat' dir='ltr'>Cal.</span> <span class='ocrx_word' id='word_1_281' title='bbox 667 3564 813 3634; x_wconf 65' lang='lat' dir='ltr'>&amp;pente</span> 
     </span>
     <span class='ocr_line' id='line_1_39' title="bbox 483 3632 1348 3707; baseline 0.006 -22"><span class='ocrx_word' id='word_1_282' title='bbox 483 3647 509 3685; x_wconf 78' lang='lat' dir='ltr'>e</span> <span class='ocrx_word' id='word_1_283' title='bbox 526 3633 577 3687; x_wconf 74' lang='lat'>278</span> <span class='ocrx_word' id='word_1_284' title='bbox 594 3640 621 3685; x_wconf 85' lang='lat' dir='ltr'>et</span> <span class='ocrx_word' id='word_1_285' title='bbox 640 3632 727 3686; x_wconf 71' lang='lat' dir='ltr'>solean</span> <span class='ocrx_word' id='word_1_286' title='bbox 745 3634 793 3687; x_wconf 80' lang='lat' dir='ltr'>iaus</span> <span class='ocrx_word' id='word_1_287' title='bbox 808 3634 878 3703; x_wconf 85' lang='lat' dir='ltr'>prius</span> <span class='ocrx_word' id='word_1_288' title='bbox 891 3652 970 3707; x_wconf 86' lang='lat' dir='ltr'>usque</span> <span class='ocrx_word' id='word_1_289' title='bbox 988 3637 1021 3691; x_wconf 85' lang='lat' dir='ltr'>ed</span> <span class='ocrx_word' id='word_1_290' title='bbox 1037 3655 1062 3692; x_wconf 89' lang='grc' dir='ltr'>ι.</span> <span class='ocrx_word' id='word_1_291' title='bbox 1075 3640 1143 3696; x_wconf 80' lang='lat' dir='ltr'>aot.</span> <span class='ocrx_word' id='word_1_292' title='bbox 1159 3656 1239 3693; x_wconf 86' lang='lat' dir='ltr'>mense</span> <span class='ocrx_word' id='word_1_293' title='bbox 1255 3636 1348 3703; x_wconf 78' lang='lat' dir='ltr'>Sextili,</span> 
     </span>
     <span class='ocr_line' id='line_1_40' title="bbox 621 3701 846 3757; baseline 0.013 -5"><span class='ocrx_word' id='word_1_294' title='bbox 621 3717 667 3753; x_wconf 87' lang='lat' dir='ltr'>sun</span> <span class='ocrx_word' id='word_1_295' title='bbox 681 3701 737 3755; x_wconf 83' lang='lat' dir='ltr'>Cal.</span> <span class='ocrx_word' id='word_1_296' title='bbox 754 3702 846 3757; x_wconf 78' lang='lat' dir='ltr'>Sextii.</span> 
     </span>
     <span class='ocr_line' id='line_1_41' title="bbox 486 3767 792 3840; baseline 0.013 -20"><span class='ocrx_word' id='word_1_297' title='bbox 486 3781 512 3820; x_wconf 82' lang='lat' dir='ltr'>e.</span> <span class='ocrx_word' id='word_1_298' title='bbox 528 3767 580 3822; x_wconf 74' lang='grc'>802</span> <span class='ocrx_word' id='word_1_299' title='bbox 597 3767 684 3821; x_wconf 84' lang='lat' dir='ltr'>idibus</span> <span class='ocrx_word' id='word_1_300' title='bbox 703 3768 792 3840; x_wconf 73' lang='lat' dir='ltr'>hlsfse&#39;</span> 
     </span>
     <span class='ocr_line' id='line_1_42' title="bbox 487 3838 989 3895; baseline 0.004 -6"><span class='ocrx_word' id='word_1_301' title='bbox 487 3852 512 3889; x_wconf 79' lang='grc' dir='ltr'>ι</span> <span class='ocrx_word' id='word_1_302' title='bbox 528 3838 680 3892; x_wconf 78' lang='lat' dir='ltr'>ato-³52</span> <span class='ocrx_word' id='word_1_303' title='bbox 698 3838 784 3892; x_wconf 87' lang='lat' dir='ltr'>idibus</span> <span class='ocrx_word' id='word_1_304' title='bbox 798 3839 989 3895; x_wconf 70' lang='lat' dir='ltr'>boeembribus.</span> 
     </span>
     <span class='ocr_line' id='line_1_43' title="bbox 486 3904 929 3961; baseline 0.007 -4"><span class='ocrx_word' id='word_1_305' title='bbox 486 3920 512 3957; x_wconf 80' lang='grc' dir='ltr'>ι.</span> <span class='ocrx_word' id='word_1_306' title='bbox 527 3904 679 3960; x_wconf 73' lang='grc'><strong>353-861</strong></span> <span class='ocrx_word' id='word_1_307' title='bbox 697 3907 803 3961; x_wconf 79' lang='lat' dir='ltr'>calend.</span> <span class='ocrx_word' id='word_1_308' title='bbox 822 3910 929 3961; x_wconf 82' lang='lat' dir='ltr'>Octobr.</span> 
     </span>
     <span class='ocr_line' id='line_1_44' title="bbox 485 3974 944 4039; baseline 0.013 -14"><span class='ocrx_word' id='word_1_309' title='bbox 485 3988 511 4025; x_wconf 86' lang='lat' dir='ltr'>e.</span> <span class='ocrx_word' id='word_1_310' title='bbox 527 3974 678 4028; x_wconf 74' lang='lat' dir='ltr'>aaa-363</span> <span class='ocrx_word' id='word_1_311' title='bbox 694 3975 801 4028; x_wconf 81' lang='lat' dir='ltr'>Calend.</span> <span class='ocrx_word' id='word_1_312' title='bbox 819 3976 944 4039; x_wconf 81' lang='lat' dir='ltr'>Quinctil.</span> 
     </span>
     <span class='ocr_line' id='line_1_45' title="bbox 485 4041 920 4098; baseline 0.002 -3"><span class='ocrx_word' id='word_1_313' title='bbox 485 4057 510 4095; x_wconf 83' lang='lat' dir='ltr'>e.</span> <span class='ocrx_word' id='word_1_314' title='bbox 527 4041 675 4098; x_wconf 73' lang='lat' dir='ltr'>aas-³87</span> <span class='ocrx_word' id='word_1_315' title='bbox 691 4059 778 4096; x_wconf 78' lang='lat' dir='ltr'>mesae</span> <span class='ocrx_word' id='word_1_316' title='bbox 793 4043 920 4098; x_wconf 81' lang='lat' dir='ltr'>ianuario.</span> 
     </span>
     <span class='ocr_line' id='line_1_46' title="bbox 486 4108 939 4167; baseline 0.013 -7"><span class='ocrx_word' id='word_1_317' title='bbox 486 4124 510 4160; x_wconf 86' lang='grc' dir='ltr'>ι.</span> <span class='ocrx_word' id='word_1_318' title='bbox 527 4108 674 4165; x_wconf 74' lang='lat' dir='ltr'>aot-tao</span> <span class='ocrx_word' id='word_1_319' title='bbox 690 4110 811 4165; x_wconf 83' lang='lat' dir='ltr'>Calendis</span> <span class='ocrx_word' id='word_1_320' title='bbox 828 4112 939 4167; x_wconf 83' lang='lat' dir='ltr'>Martiis.</span> 
     </span>
     <span class='ocr_line' id='line_1_47' title="bbox 485 4176 912 4242; baseline 0.012 -12"><span class='ocrx_word' id='word_1_321' title='bbox 485 4193 511 4230; x_wconf 91' lang='grc' dir='ltr'>ι.</span> <span class='ocrx_word' id='word_1_322' title='bbox 526 4176 579 4232; x_wconf 70' lang='lat'>420</span> <span class='ocrx_word' id='word_1_323' title='bbox 595 4177 715 4231; x_wconf 80' lang='lat' dir='ltr'>Calendis</span> <span class='ocrx_word' id='word_1_324' title='bbox 733 4180 912 4242; x_wconf 80' lang='lat' dir='ltr'>Quinctilibus.</span> 
     </span>
     <span class='ocr_line' id='line_1_48' title="bbox 486 4244 918 4306; baseline 0.021 -9"><span class='ocrx_word' id='word_1_325' title='bbox 486 4262 510 4297; x_wconf 92' lang='grc' dir='ltr'>ι.</span> <span class='ocrx_word' id='word_1_326' title='bbox 526 4244 677 4302; x_wconf 73' lang='lat' dir='ltr'>tao-531</span> <span class='ocrx_word' id='word_1_327' title='bbox 696 4248 816 4302; x_wconf 75' lang='lat' dir='ltr'>Celesttlis</span> <span class='ocrx_word' id='word_1_328' title='bbox 832 4248 918 4306; x_wconf 70' lang='lat' dir='ltr'>Melie.</span> 
     </span>
     <span class='ocr_line' id='line_1_49' title="bbox 486 4315 911 4371; baseline 0.009 -6"><span class='ocrx_word' id='word_1_329' title='bbox 486 4329 512 4365; x_wconf 85' lang='lat' dir='ltr'>e.</span> <span class='ocrx_word' id='word_1_330' title='bbox 529 4315 581 4370; x_wconf 66' lang='lat'>532</span> <span class='ocrx_word' id='word_1_331' title='bbox 589 4318 679 4370; x_wconf 73' lang='grc' dir='ltr'>-ὂω</span> <span class='ocrx_word' id='word_1_332' title='bbox 696 4315 785 4370; x_wconf 85' lang='lat' dir='ltr'>ldibue</span> <span class='ocrx_word' id='word_1_333' title='bbox 801 4317 911 4371; x_wconf 77' lang='lat' dir='ltr'>Martiis.</span> 
     </span>
     <span class='ocr_line' id='line_1_50' title="bbox 435 4379 916 4441; baseline 0.015 -9"><span class='ocrx_word' id='word_1_334' title='bbox 435 4379 469 4432; x_wconf 83' lang='lat' dir='ltr'>ab</span> <span class='ocrx_word' id='word_1_335' title='bbox 484 4397 509 4434; x_wconf 89' lang='grc' dir='ltr'>ι.</span> <span class='ocrx_word' id='word_1_336' title='bbox 528 4381 562 4434; x_wconf 88' lang='lat' dir='ltr'>U.</span> <span class='ocrx_word' id='word_1_337' title='bbox 577 4385 627 4438; x_wconf 83' lang='lat' dir='ltr'>aot</span> <span class='ocrx_word' id='word_1_338' title='bbox 646 4382 766 4438; x_wconf 81' lang='lat' dir='ltr'>Calesidis</span> <span class='ocrx_word' id='word_1_339' title='bbox 783 4385 916 4441; x_wconf 78' lang='lat' dir='ltr'>ianuariis</span> 
     </span>
    </p>
   </div>
   <div class='ocr_carea' id='block_1_4' title="bbox 0 0 1486 5002">
    <p class='ocr_par' dir='ltr' id='par_1_5' title="bbox 0 0 1486 5002">
     <span class='ocr_line' id='line_1_51' title="bbox 0 0 1486 5002; baseline 0 0"><span class='ocrx_word' id='word_1_340' title='bbox 0 0 1486 5002; x_wconf 95' lang='lat' dir='ltr'> </span> 
     </span>
    </p>
   </div>
  </div>
 </body>
</html>
