3428 4998
536 426 597 496 E'l
618 423 967 496 ANNOTATIONES.
1223 415 1298 488 att

228 585 359 668 positione
371 585 592 646 corroboratur
633 585 706 646 Post
715 584 865 645 Actiacam
875 580 1034 644 victoriam
1046 589 1076 642 et
1088 578 1299 643 Alexandriam

228 670 372 732 Romano
362 690 431 749 rugo
453 671 624 748 subditum,
648 672 775 730 erratico
793 691 848 730 suo
869 689 946 727 anno
962 667 1138 747 repudiato,
1159 665 1255 727 fixum
1270 674 1301 725 et

229 766 328 814 certum
340 757 474 832 Augusto
486 755 604 815 Caesari
614 714 670 815 iibi
683 756 850 815 devinctius
864 753 1052 813 conciliando
1067 753 1207 833 deinceps
1221 751 1301 811 reci·
1360 796 1363 799 -

226 839 352 920 piendum
369 840 563 900 decemreutes
572 841 730 940 Aegyptii,
751 841 833 939 quod
846 840 980 917 Augusto
1000 856 1101 897 mense
1119 846 1148 896 et
1168 837 1301 896 eiusdem

226 927 319 984 mensis
334 925 382 984 die
396 945 478 993 nono
500 930 591 1006 supra
606 925 781 1003 vigesimum
802 925 867 984 eiua
889 943 920 983 se
935 921 1172 983 submisissent
1163 921 1301 1018 imperio,

226 1009 306 1069 eidem
320 1010 389 1069 anai
405 1010 556 1090 primique
576 1011 685 1070 mensis
699 1009 800 1071 Thotb
813 1009 1003 1069 Neomeniam
1023 1008 1133 1066 suturis
1154 1005 1302 1087 tempori·

225 1092 271 1153 bus
281 1094 455 1173 alligandam
467 1104 643 1155 sanxerunt:
666 1106 696 1156 et
706 1094 958 1177 praescindendae
970 1093 1096 1170 antiquo
1110 1112 1189 1150 anno
1202 1091 1234 1150 in
1244 1110 1303 1187 po-

225 1187 324 1238 aterum
344 1179 473 1257 vagandi
487 1180 624 1240 licentiae
640 1180 719 1240 diem
740 1179 947 1240 intercalarem
963 1178 1041 1246 illuc
1056 1195 1152 1255 usque
1173 1175 1302 1234 inusita-

224 1270 280 1320 tum
291 1264 413 1339 singulis
427 1264 628 1341 quadrienniis
642 1265 840 1323 adiiciendum
855 1271 1008 1323 curarunt.
1049 1262 1110 1322 Neo
1123 1259 1211 1319 modo
1223 1258 1302 1319 diem

224 1345 394 1406 admiserunt
406 1347 524 1406 iuliano
539 1358 568 1407 ct
579 1348 788 1427 Astrologico
779 1368 844 1407 rure
855 1347 1060 1415 inserendum
1082 1345 1217 1425 quinimo
1234 1363 1303 1403 curn

224 1428 333 1508 Augusti
350 1431 482 1491 &esuris
495 1433 630 1511 gestique
649 1432 686 1492 ab
706 1453 740 1492 oo
757 1432 828 1491 belli
844 1432 961 1492 Actiaci
984 1441 1014 1489 et
1032 1428 1232 1489 Alexandriae
1251 1427 1302 1487 de·

223 1514 310 1574 uictae
320 1525 494 1596 tempestate
506 1516 685 1578 Pontificum
698 1517 817 1577 inscitia
831 1537 892 1576 non
906 1518 973 1575 leve
987 1517 1019 1574 iu
1032 1514 1180 1574 lulianum
1191 1532 1303 1573 annum

223 1598 378 1659 intrusisset
393 1600 517 1677 vitium,
540 1623 576 1661 sc
588 1602 648 1661 iam
664 1602 726 1662 dies
740 1622 818 1662 unua
832 1601 1001 1681 superfluus
1018 1610 1134 1680 praeter
1147 1599 1218 1659 lulii
1232 1599 1303 1656 Cae-

224 1684 287 1742 seris
306 1694 335 1743 et
354 1685 554 1746 intercalandi
571 1686 703 1765 regulam
729 1688 800 1746 anni
821 1686 974 1746 curriculo
997 1686 1104 1743 fuisset
1126 1684 1302 1756 adiunctusq

223 1765 398 1843 factumest,
417 1778 454 1826 ut
468 1771 521 1847 qui
535 1771 713 1829 Alexandria
727 1772 850 1830 aubacta
870 1768 933 1827 dies
946 1767 1073 1845 Augusti
1092 1767 1201 1827 mensis
1215 1765 1303 1825 trice-

222 1852 318 1926 simus,
347 1862 377 1911 et
406 1853 438 1910 in
459 1853 631 1930 sequuturis
652 1852 877 1912 intercalaribus
898 1851 982 1911 anuis
1000 1851 1169 1911 tricesimus
1187 1851 1303 1932 primus

222 1936 362 1996 numerari
382 1937 544 2015 debuerat,
565 1938 603 1997 ob
622 1935 817 1996 redundantis
831 1937 922 1995 illius-
938 1936 998 1996 diei
1013 1955 1168 1996 maenum
1189 1935 1303 1995 vicesi-

223 2038 280 2081 mue
296 2022 442 2081 duntaxat
455 2041 552 2081 nouus
565 2020 656 2082 fuerit
668 2029 867 2101 computatus.
909 2020 988 2079 Exin
1008 2021 1148 2098 castigato
1163 2030 1232 2101 post
1245 2021 1305 2079 ali-

224 2115 455 2184 quaternorum
477 2107 604 2180 spatium
625 2106 697 2165 anni
717 2106 826 2165 luliani
844 2123 960 2177 errore,
993 2104 1045 2184 qui
1066 2113 1135 2165 ante
1156 2105 1303 2165 devictam

223 2191 421 2252 Alexandriam
437 2210 499 2249 uno
517 2190 565 2248 die
578 2191 687 2249 limites
705 2198 890 2267 exeenerat,
913 2187 951 2248 ad
973 2189 1102 2268 Augusti
1123 2191 1231 2250 mensis
1251 2209 1305 2250 se-

224 2274 282 2333 den
295 2276 465 2333 vicesimam
481 2293 590 2333 nonam
605 2284 763 2334 revocatus
781 2283 844 2352 estq
866 2274 947 2355 quod
963 2273 1015 2334 illo
1030 2276 1188 2354 proculab
1203 2292 1305 2336 errore

223 2370 433 2434 numeraretur,
456 2358 667 2439 cumprimum
683 2359 808 2438 Augusti
826 2360 958 2421 caesaria
976 2359 1134 2441 imperium
1148 2360 1307 2421 subierant

224 2443 367 2524 Aegyptii,
389 2444 460 2503 lieet
479 2444 538 2503 isur
561 2444 730 2522 trigesimus
755 2444 919 2521 diceretur,
941 2455 1090 2521 erranter,
1116 2453 1146 2506 et
1165 2446 1198 2505 in
1219 2445 1307 2505 annis

223 2526 442 2590 intercalaribus
465 2549 481 2586 a
503 2529 602 2608 primo
624 2549 715 2608 supra
742 2529 924 2608 trigesimum
953 2529 1202 2590 recensendorn'm
1231 2530 1306 2590 ordo

224 2615 350 2693 progredi
365 2623 527 2677 teneretur.
570 2614 704 2691 Legenda
723 2612 797 2673 haec
809 2616 889 2695 apud
910 2615 1094 2691 scaligerum
1111 2615 1188 2675 libro
1199 2623 1306 2695 quarto

225 2699 418 2760 dsEmendat
432 2700 535 2780 Temp.
550 2707 580 2757 et
594 2697 626 2756 in
641 2699 714 2777 laag
730 2700 842 2759 Canon.
857 2699 938 2761 libro
953 2698 1104 2776 trigesimo
1120 2701 1236 2778 primo,
1259 2718 1307 2758 ea

224 2784 482 2865 piteduodecimo,
503 2792 534 2841 et
548 2783 629 2862 apud
648 2784 804 2844 Patavium
818 2784 856 2844 de
870 2786 955 2844 Doct.
968 2785 1070 2865 '.lernp
1083 2784 1162 2845 libro
1181 2785 1306 2859 decimo,

226 2891 284 2949 cap
302 2879 352 2935 71.
372 2870 492 2948 copiose
513 2869 665 2946 solideque
684 2877 828 2945 tractata,
851 2879 904 2929 aut
926 2869 1059 2949 Oedipus
1077 2869 1238 2931 verborum
1256 2867 1309 2959 bie

225 2957 379 3034 positorum
393 2953 527 3033 Spbyngi
540 2953 735 3013 declarandae
748 2954 994 3015 adinveniendus.

299 3059 366 3132 Pag.
388 3062 420 3123 9
438 3049 584 3129 Aeolion]
605 3053 792 3134 Epiphanius
807 3056 896 3117 Haer.
906 3062 957 3124 89.
972 3051 1195 3138 Zuvq'vvocat:
1211 3055 1308 3116 ctuo-

227 3141 306 3200 nieon
320 3143 465 3206 Alexand.
480 3151 509 3201 et
520 3141 602 3200 aliud
616 3137 703 3202 loelia
717 3160 781 3201 eam
795 3150 968 3202 memorant

302 3243 522 3351 Koprroqopiov
543 3246 629 3305 καλεῖ
645 3267 665 3348 η
658 3236 805 3328 γραφη]
829 3244 935 3306 Genes
954 3244 1050 3323 capite
1068 3250 1195 3322 quarto,
1214 3262 1306 3306 versu

227 3325 407 3387 seeundo’'
355 3351 504 3433 ,ηνεγκε
507 3321 622 3391 lioi'r’
601 3350 661 3389 arro
674 3331 734 3389 coir
746 3333 871 3438 καρπῷ»
883 3333 938 3409 τῆς
950 3333 1006 3409 γῆς
1018 3328 1132 3390 θυσίαν
1145 3351 1186 3432 τῳ
1173 3330 1305 3416 sopior.

229 3421 295 3475 etr.
312 3413 342 3479 4
357 3410 504 3475 inrideri
523 3409 598 3487 Θεὸς
611 3411 660 3474 ἐπὶ
668 3409 775 3494 Αβιλ,
796 3437 848 3476 και
836 3412 910 3476 iai
925 3419 987 3485 τοῖς
999 3406 1161 3493 doiposc'
1121 3417 1225 3475 aerari.

304 3509 464 3591 Μαλελεήλ
484 3512 620 3592 ἐγέννησε
638 3519 700 3577 reio
717 3510 925 3586 Maboooa‘la]
953 3514 997 3572 lta
1016 3513 1119 3592 legunt
1139 3521 1192 3615 λθ.
1214 3516 1307 3575 later-

229 3610 325 3679 pretet.
365 3596 531 3660 blathusala
556 3606 617 3673 est,
643 3599 697 3678 qui
719 3618 756 3657 ex
783 3597 876 3676 Seth,
903 3598 1080 3677 Mathusael,
1115 3600 1205 3680 quic
1233 3601 1307 3660 Cain

230 3707 260 3746 or
333 3708 347 3746 s

261 3695 370 3851 widii-
381 3785 468 3849 dacor
480 3781 595 3856 nidva]
615 3781 750 3862 Spatium
763 3782 906 3863 intellige,
921 3796 1049 3845 aetatem
1061 3784 1168 3845 mundi
1183 3783 1307 3841 dictum.

304 3887 371 3967 Peg
395 3893 445 3954 10
464 3878 635 3965 Agameia]
664 3884 795 3944 Eandem
815 3906 854 3946 ex
872 3908 967 3968 purae
989 3888 1096 3947 Genesi
1115 3883 1311 3966 Epiphanius,

235 3965 337 4030 diaron.
358 3970 502 4033 Alexand
521 3978 548 4028 et
566 3970 651 4029 loelis
666 3980 840 4034 memorant.

312 4058 359 4136 Τῷ
378 4050 452 4135 σμγ’.
469 4054 527 4116 ἔτει
547 4077 602 4116 του
589 4050 733 4135 'Addpd
755 4055 920 4137 Pericopen
939 4053 1020 4115 bunc
1041 4064 1109 4112 ante
1129 4054 1309 4134 superiorem

232 4155 353 4215 repono,
380 4147 410 4196 et
429 4138 508 4216 quod
530 4139 623 4217 ratio,
645 4152 675 4201 et
695 4139 842 4201 humanae
861 4139 1045 4201 educationis
1065 4138 1161 4239 poscit
1182 4159 1311 4199 consue-

232 4221 301 4280 tudo
308 4222 411 4319 ,lego
431 4244 474 4305 sp
461 4220 559 4302 oiy'.
576 4222 633 4286 ἔτει
648 4249 703 4289 του
691 4219 810 4306 ’Addp
824 4222 1066 4309 drreyaAaariodq
1080 4221 1096 4287 d
1109 4217 1192 4304 Σήθ.
1226 4225 1312 4285 ltane

233 4305 299 4366 Seth
313 4307 397 4366 annis
413 4307 462 4371 13
476 4305 503 4362 la
507 4326 524 4362 e
540 4309 645 4368 suxit‘l

307 4390 341 4457 O
364 4385 440 4472 qu
462 4386 604 4472 doregele
621 4388 683 4456 dod
700 4397 763 4457 reio
781 4387 935 4478 dyptica]
965 4392 1096 4453 bocru
1085 4412 1118 4453 an
1141 4393 1202 4456 MS.
1221 4392 1313 4472 Regio
