2946 4996
244 385 295 458 64
718 391 854 462 Gonni

245 551 283 612 sd
304 561 410 612 motem
430 571 524 630 nsque
539 571 600 611 non
621 549 778 631 perduxita
808 548 906 631 operis
926 558 1024 631 partes
1039 559 1131 610 tersas
1152 559 1183 609 et
1197 551 1332 612 elimatas

243 637 376 699 reddidit
391 636 563 712 nonnullus,
584 634 724 714 quasdam
744 635 814 695 rudi
836 645 865 694 et
883 634 988 715 pingui
1002 635 1133 695 hlinerrs
1154 636 1243 715 plens
1262 635 1334 696 aas

243 720 323 784 rides
337 730 367 781 et
380 721 532 780 insuaves:
554 719 721 780 surnsnstisn
745 719 863 778 dicsnsl
884 721 1028 798 Gcorgius
1041 719 1202 796 scrihebat,
1223 729 1255 778 at
1270 740 1333 781 non

245 806 411 879 recensuit,
441 801 621 883 castigavit,
633 803 781 881 expolivit
801 824 890 884 opus:
920 801 1001 883 quod
1021 813 1178 880 memorat,
1200 814 1332 884 praster-

246 890 355 965 mittit,
383 888 462 969 qnod
477 887 639 969 promittit,
662 908 724 947 non
737 889 835 967 potuit
854 888 985 967 exsequi.
1026 888 1162 962 Quantae
1182 909 1253 948 uero
1275 889 1333 947 sub

248 974 381 1033 dictante
401 973 588 1054 quantumvis
610 971 749 1049 diligente
765 981 796 1031 et
810 981 923 1033 attento
942 973 1161 1033 interseruntur
1177 973 1332 1033 oscitantis

246 1057 415 1139 exceptoris
433 1056 699 1117 hallucinationes?
729 1056 812 1130 Quot
829 1057 910 1117 vitiis
928 1057 1040 1138 scripta
1059 1078 1112 1117 sus
1134 1077 1196 1116 non
1218 1077 1333 1138 resper-

245 1153 320 1223 gunt
337 1141 473 1202 librarii?
499 1143 539 1202 ,n
556 1142 593 1202 dc
613 1140 661 1201 his
680 1140 865 1201 cosnsnodior
882 1151 1022 1221 sequetur
1040 1141 1224 1202 observatio:
1256 1142 1334 1201 ints·

246 1227 305 1287 risn
320 1227 400 1305 quod
417 1225 572 1306 praemisi,
593 1225 734 1306 qnodque
753 1226 912 1301 contendi,
934 1225 1120 1288 severissimo
1140 1225 1335 1306 disceptatori

245 1331 294 1373 ms
313 1311 507 1391 probaturum
526 1309 655 1372 confido.
698 1310 743 1368 lta
766 1318 827 1381 est,
850 1311 989 1390 inqusrn,
1012 1312 1155 1390 Georgius
1176 1310 1334 1383 scrrhchst,

246 1405 278 1456 st
292 1416 353 1455 non
371 1394 548 1473 recognovit
561 1392 619 1473 Ὦ).
661 1393 743 1468 Quid
760 1395 837 1454 enim
852 1395 877 1455 si
897 1405 1100 1472 retractasset,
1121 1395 1249 1455 erotalens
1268 1395 1335 1454 tta-

246 1480 380 1540 thusslac
401 1479 479 1539 diem
496 1479 528 1538 in
550 1498 693 1538 annunra
710 1478 817 1538 mundi
837 1478 960 1539 cotiditu
983 1485 1072 1546 1287.
1114 1479 1262 1555 Africani,
1285 1479 1335 1537 rel

145 1568 151 1579 '
246 1575 408 1645 supputnm
423 1566 511 1624 etiarn
526 1563 680 1644 proprium
692 1573 850 1643 sequutus,
872 1564 1056 1623 coniecisset:
1078 1584 1149 1623 snox
1164 1584 1236 1622 vcro
1250 1563 1337 1643 quasi

246 1649 351 1730 scripti
366 1649 537 1729 poenitens,
560 1658 589 1707 et
604 1647 826 1709 scribendorum
841 1647 921 1708 haud
938 1648 1088 1728 praescius
1101 1645 1163 1726 ²³),
1186 1647 1248 1707 isno
1263 1667 1337 1706 cuna

246 1733 321 1808 sibi,
341 1743 405 1792 turn
427 1734 567 1793 Africano
586 1732 768 1808 contrarius,
789 1732 982 1793 hlutlrnsalasn
1000 1733 1124 1791 eundern
1143 1752 1222 1791 anno
1242 1736 1335 1798 1278.

246 1827 349 1878 natum
364 1839 424 1878 non
438 1819 541 1877 luisset
554 1818 665 1877 veritus
678 1818 828 1877 asserere'l
849 1818 973 1897 Scriptis
988 1815 1147 1893 recognitio
1162 1825 1192 1875 et
1207 1817 1338 1893 castiga-

244 1903 285 1962 tis
306 1912 374 1980 post
390 1922 483 1961 anuos
505 1900 584 1962 vitae
605 1907 676 1969 969.
697 1924 724 1962 a.
738 1901 845 1962 mundi
865 1906 947 1970 1273
963 1901 999 1961 ad
1020 1902 1104 1968 2242
1124 1912 1154 1960 et
1174 1900 1337 1973 diluvium,

245 1986 431 2047 Mathusalae
453 1997 579 2047 mortem
601 2005 728 2068 ponere,
758 2007 829 2047 mox
850 1984 959 2047 horum
979 1976 1148 2060 immemor,
1177 1986 1238 2044 lleo
1257 1979 1338 2047 καθ’

247 2067 303 2144 oiic
328 2067 392 2135 cide
412 2066 521 2146 τόπους
541 2070 592 2133 καὶ
610 2066 738 2151 τρόπους
758 2091 819 2131 una
842 2091 910 2131 cnm
930 2069 1034 2131 Enoch
1051 2068 1247 2129 hlsthusslanr
1271 2088 1340 2129 ser·

247 2164 354 2229 vante,
376 2157 502 2215 eundern
524 2155 608 2215 annis
632 2157 672 2222 14
694 2155 837 2216 diluvium
858 2156 954 2233 ipsum
975 2174 1144 2235 superasse,
1170 2165 1201 2214 et
1223 2173 1340 2213 annum

246 2258 417 2298 nnnrerasse
432 2244 515 2306 2256
538 2239 637 2318 potuit
650 2239 798 2299 assinnars
810 2238 881 2317 ’Ἢ
901 2241 982 2314 Quid
990 2240 1005 2296 'l
1027 2241 1147 2297 Annon
1162 2239 1263 2297 ohitus
1276 2239 1342 2298 tta·

246 2321 382 2383 thnsalas
395 2324 498 2382 tertius
510 2323 549 2381 ad
563 2343 673 2382 arsnusn
688 2325 782 2390 2236.
796 2342 863 2402 pag.
877 2330 927 2389 22.
942 2326 977 2383 G.
993 2323 1140 2396 refertur,
1160 2343 1177 2380 a
1192 2341 1254 2400 quo
1270 2342 1342 2381 mo-

245 2408 342 2468 rosius
365 2407 568 2483 discutiendo,
591 2406 673 2486 quod
696 2410 921 2466 commentantis
940 2407 973 2467 id
990 2406 1029 2466 sit
1046 2425 1172 2481 snunus,
1194 2406 1341 2465 abstineo.
1462 2410 1463 2427 ³

245 2491 305 2553 llic
317 2512 370 2570 ego
387 2492 567 2569 Scaligeruin
584 2491 768 2550 hariliaritcr
781 2492 943 2552 cossvenio:
966 2491 1047 2571 quod
1062 2490 1218 2570 Spnrcellus
1231 2491 1340 2570 pagina

248 2577 349 2637 eadem
364 2582 416 2643 21.
428 2577 532 2652 semel,
553 2585 582 2634 et
595 2595 697 2635 rursus
708 2577 771 2634 Noc
785 2585 903 2649 ortum,
927 2585 955 2636 et
970 2585 1053 2635 ortus
1070 2594 1182 2634 annuns
1196 2583 1340 2654 exponat,

247 2672 278 2721 et
293 2682 386 2742 pngg.¹
392 2661 505 2742 pariter
519 2666 571 2727 62.
589 2660 622 2722 Β.
639 2669 669 2719 et
686 2665 736 2726 69.
758 2659 791 2720 d.
812 2662 849 2721 de
866 2661 1006 2740 llynnstia
1026 2660 1139 2720 decima
1155 2669 1279 2734 octava,
1300 2659 1343 2718 ds

247 2746 364 2807 Amoris
377 2766 487 2822 regno,
508 2744 654 2824 hlosisquo
669 2745 724 2803 suh
737 2764 771 2803 eo
784 2745 875 2805 natali
896 2745 1049 2826 conceptis
1066 2744 1163 2805 verbio
1178 2744 1280 2803 eadem
1300 2762 1341 2803 ex

248 2829 389 2889 Africano
409 2831 511 2904 iteret,
534 2831 634 2889 eodem
655 2828 777 2907 insuper
792 2839 821 2888 et
838 2851 896 2888 non
920 2830 1071 2889 immutata
1094 2830 1131 2887 ds
1154 2828 1276 2887 Sedecis
1299 2847 1341 2886 cx

248 2914 382 2974 Africani
397 2914 565 2973 nsrsntione
580 2932 661 2992 pagg.
677 2919 747 2979 219.
761 2924 791 2971 ct
804 2919 876 2981 223.
894 2915 925 2973 ἱιι
938 2915 1069 2974 medium
1084 2913 1230 2980 adducta,
1253 2932 1340 2972 com·

248 2997 390 3077 munique
402 2998 495 3056 totius
508 2998 590 3057 orbis
604 2997 720 3056 diluvio
734 2998 850 3078 saepius
865 3000 1015 3079 descripto
1029 3008 1057 3057 ct
1068 2998 1228 3073 inculcato,
1251 2996 1341 3075 egra-

249 3102 390 3159 gororuan
404 3080 560 3142 historiam
575 3081 661 3159 longe
676 3081 805 3160 priorem
823 3083 920 3144 denuo
938 3084 1013 3143 nolit
1027 3083 1199 3163 repetitam,
1220 3092 1341 3162 praeter
1461 3086 1462 3127 5

247 3165 340 3245 haec,
366 3166 490 3227 secundi
516 3166 627 3225 Cnisnnr
650 3166 838 3242 sllirnrandi,
867 3169 942 3246 regis
967 3168 1105 3248 subque
1130 3167 1280 3248 profectio
1301 3185 1340 3226 ex

249 3252 385 3332 Aegypto
406 3262 560 3331 suscepta,
582 3251 765 3331 captivitatis
784 3272 947 3329 annorum,
969 3263 999 3314 et
1016 3250 1187 3313 huiuamodi
1203 3250 1339 3330 reliquo·

249 3357 318 3396 runi
333 3338 385 3396 list
401 3346 529 3396 assertor
543 3356 631 3416 supra
648 3336 770 3395 modum
789 3338 992 3418 importunus,
1012 3339 1036 3396 si
1052 3337 1163 3396 dictata
1185 3335 1340 3396 recoluis-

249 3429 312 3493 set,
334 3421 365 3479 in
384 3419 457 3481 haec
473 3441 605 3500 unquam
623 3420 697 3479 vitia
717 3422 765 3480 vir
777 3417 1010 3503 ’ἐλλογιμώτατος
1033 3422 1137 3482 suisset
1159 3416 1338 3500 prolapsus?

249 3505 295 3563 Ex
309 3502 523 3581 Clnonologiae
542 3504 651 3565 tabulis
664 3505 701 3562 ad
717 3504 810 3585 ipsius
830 3508 959 3587 syncelli
977 3526 1116 3567 numeros
1130 3505 1237 3565 affictis
1254 3523 1339 3583 para·

249 3586 434 3648 chronismon
449 3591 580 3668 syncelli
597 3591 748 3669 proferam
762 3591 825 3650 sole
843 3588 1006 3652 clariores'l
1033 3594 1073 3651 Ut
1094 3590 1185 3650 variis
1203 3586 1340 3647 auctori·

248 3672 306 3733 hus
327 3681 357 3732 et
371 3672 455 3732 libris
469 3673 507 3732 sd
523 3670 648 3756 ἐκλογήν
663 3676 927 3746 cosnarcinnndam
945 3697 1034 3750 usus,
1054 3670 1238 3735 variantibus
1259 3691 1341 3751 quo·
1460 3668 1461 3679 ’

249 3777 308 3838 qne
326 3757 448 3817 calculis
463 3754 594 3817 hominis
615 3758 743 3819 eiusdem
762 3769 902 3836 oetatem,
923 3763 973 3822 vel
989 3759 1106 3842 imperii
1123 3756 1228 3816 seriana
1244 3763 1341 3816 totam

248 3851 462 3925 prosequatur,
484 3860 522 3900 ex
537 3839 592 3901 hac
608 3841 639 3901 in
654 3842 776 3905 alteram
793 3845 964 3925 opinionem
989 3851 1134 3915 transeat,
1154 3839 1341 3920 scriptorum

249 3927 391 3987 eiusmodi
412 3920 581 4007 dnsloylng
605 3927 760 4004 admittat,
792 3949 869 4007 quae
890 3932 939 3990 vel
962 3938 1059 3988 mento
1085 3925 1263 4001 confusum,
1292 3923 1341 3986 val

250 4022 401 4072 auctorem
419 4019 544 4089 arguant
560 4011 678 4090 penitus
694 4011 918 4072 immemorem?
947 4014 1055 4072 Confer
1068 4029 1152 4091 pagg.
1177 4012 1220 4076 68
1238 4019 1271 4070 et
1290 4013 1340 4077 69.

253 4115 321 4156 conr
337 4096 395 4156 alia
412 4101 480 4164 126.
523 4094 596 4155 illac
610 4094 850 4173 accuratissimo,
871 4096 896 4155 si
912 4117 981 4158 vere
995 4097 1175 4177 gloriantur,
1197 4102 1340 4176 cornpnto
1459 4126 1460 4157 1

285 4294 417 4422 ”lilii
435 4297 471 4352 so
488 4304 517 4348 st
533 4295 577 4351 n.
595 4294 626 4347 n.
701 4294 750 4361 rs)
768 4293 830 4363 rag.
845 4294 923 4348 aaran
942 4296 985 4349 so.
1063 4293 1112 4362 on
1129 4295 1249 4366 roso
1262 4290 1342 4346 aas·
