2946 4996
540 411 839 484 DISSERTATIO.
1179 410 1230 483 87

144 571 326 649 deseendit,”
341 591 401 652 quo
416 571 521 633 inloco
536 567 599 635 cio'
613 568 682 635 troo
698 568 866 656 ἄγγελος,
879 572 977 652 aquilo
986 581 1017 634 et
1032 572 1231 654 symmachus,

142 655 209 723 llari
223 651 319 738 ippn'
326 679 437 739 popae
451 666 620 717 verterunt:
643 656 757 738 hosque
769 658 939 737 ligrcgoros,
959 659 1011 739 qni
1025 658 1063 719 ds
1075 661 1158 722 coela
1173 662 1230 723 de-

140 742 327 818 scenderant,
338 742 454 801 eosdem
466 751 726 822 esssputavsmnt,
734 744 786 822 qui
795 744 899 806 Genea.
915 763 979 823 cap.
988 748 1019 810 6.
1033 762 1110 807 vers.
1125 752 1189 812 2et
1198 745 1230 813 4.

132 827 199 906 ssls‘s'
212 829 279 885 Dei
286 827 386 886 vocati
393 828 460 887 sint.
482 825 546 886 llos
557 826 636 887 enim
644 827 676 886 in
689 836 797 886 tersum
810 828 995 888 descendisse
1006 847 1157 888 necessum
1167 850 1229 890 esse

138 911 314 989 videbatur,
337 931 426 991 quum
440 910 495 969 filii
512 912 575 987 liei,
596 913 617 972 i.
628 932 653 973 e.
669 911 774 989 angeli,
790 913 917 972 incaelo
932 912 1096 973 habitantes
1109 912 1228 975 filiabus
1270 941 1276 954 ·

138 994 297 1055 hominum
320 995 612 1063 recommiscuerint.
634 1031 667 1042 -
691 996 765 1055 Nam
786 995 925 1057 doctores
945 1016 1063 1078 quoque
1087 997 1228 1058 ldebraiei

138 1082 264 1141 sensisse
279 1080 427 1153 videnlur,
445 1100 538 1159 pauca
558 1081 612 1140 illa
626 1080 717 1141 verba
730 1080 876 1142 Geneseos
890 1087 920 1147 6.
935 1089 998 1148 2et
1013 1084 1043 1148 4.
1064 1082 1228 1162 fragmenta

138 1173 255 1226 tantum
278 1163 429 1243 amplioris
457 1164 556 1246 mythi
576 1185 646 1227 essa.
694 1165 794 1241 Quum
816 1185 888 1227 vero
909 1164 1030 1245 mythos
1047 1185 1065 1225 e
1083 1167 1226 1228 memoria

136 1248 293 1310 hominum
304 1248 428 1308 amissus
442 1260 534 1327 esset,
556 1252 740 1311 coniecturas
751 1260 949 1325 tentaverunt,
962 1249 1070 1330 quibus
1083 1270 1146 1311 non
1162 1253 1229 1313 siue

135 1333 344 1395 additamentis
365 1344 530 1414 ornatuque
549 1337 643 1395 samse
669 1337 838 1416 posteritati
857 1335 977 1397 traditis
991 1335 1133 1416 paulatim
1151 1336 1228 1397 fides

134 1431 277 1497 tanquam
307 1418 527 1480 narrationibus
548 1419 668 1480 biblieis
689 1420 758 1481 dats
782 1430 843 1495 est,
863 1431 899 1481 ut
912 1420 1054 1499 denique,
1076 1421 1175 1480 lorsan
1194 1420 1228 1480 iu

134 1504 252 1564 saeculo
281 1502 535 1581 Ptolemaeorum,
562 1504 727 1565 llellenisto
751 1505 872 1586 quidam
890 1505 1016 1565 Iudaeus
1039 1506 1226 1566 coniecturas

133 1588 197 1648 illas
221 1588 419 1669 amplificatas
437 1600 527 1670 atque
548 1600 722 1667 exornatas,
749 1601 784 1651 ut
803 1590 964 1672 propbetas
984 1588 1106 1650 Enocho
1127 1610 1144 1648 a
1164 1591 1225 1649 lieo

132 1673 293 1749 revelatas,
315 1673 401 1735 cdere
414 1685 515 1755 posset
530 1673 582 1756 ¹⁶).
623 1675 697 1735 Nam
711 1672 847 1735 hebraice
860 1674 941 1733 hunc
955 1673 1066 1734 librum
1080 1674 1227 1754 scriptum

133 1758 244 1835 luisse,
266 1758 376 1818 nullibi
388 1759 529 1836 legimus,
549 1777 643 1838 neque
653 1760 684 1819 iu
696 1757 869 1836 fragmentis
888 1757 1047 1835 vestigium
1062 1757 1232 1837 deprendi-³

131 1851 200 1915 tur,
223 1864 285 1924 quo
303 1842 468 1903 versionem
491 1864 554 1903 esse
578 1842 765 1922 comprobari
790 1842 898 1922 parsit:
920 1841 950 1901 id
968 1862 1041 1904 vero
1053 1862 1069 1902 e
1081 1841 1150 1901 stilo
1167 1863 1226 1923 ap-

131 1938 234 2008 paret,
257 1938 409 1988 audonem
440 1928 511 1987 libri
533 1925 685 1989 Iudaeum
708 1927 814 2003 luisse,
835 1927 887 2008 qui
905 1946 1039 2005 graecam
1059 1927 1227 1987 versionem

131 2011 166 2073 V.
188 2014 224 2074 T.
244 2013 364 2091 legerit,
384 2015 462 2092 ergo]
477 2012 618 2073 Iudaeum
641 2013 851 2072 Hellenirtam.
878 2043 920 2059 -
948 2011 1033 2072 llixi:
1058 2010 1169 2087 forsan
1192 2015 1228 2071 in

131 2098 254 2156 saeculo
274 2101 514 2159 Ptolemaeorum
526 2096 547 2158 i.
566 2118 592 2157 e.
607 2097 841 2163 Ptolemaeorum
861 2097 1007 2176 priorum,
1029 2095 1226 2177 Philadelphi,

130 2180 304 2261 Euergetis,
327 2181 514 2263 Philopstris.
555 2182 727 2244 Alexamler
745 2182 824 2242 enim
838 2181 1013 2260 Polyaenos
1033 2182 1114 2259 apud
1131 2182 1226 2240 Euse-

131 2266 214 2326 bium
238 2268 277 2327 de
295 2267 464 2347 Praeparat.
474 2271 586 2348 Evang.
601 2269 671 2328 libr.
686 2269 739 2329 IX.
757 2286 781 2326 a
799 2272 848 2334 17.
861 2274 1004 2341 testatur,
1025 2265 1225 2344 Eupolemnm

130 2350 168 2410 de
181 2351 306 2412 Enocho
323 2352 485 2433 scripsisse,
507 2373 574 2413 aum
588 2353 718 2433 primum
732 2351 881 2412 invenisse
896 2350 1102 2428 Astrologious,
1123 2359 1153 2409 et
1166 2351 1224 2409 At·

130 2435 252 2510 lentem,
275 2457 364 2515 quem
378 2439 483 2499 Graeci
498 2438 682 2517 Astrologiae
697 2437 882 2497 inventorem
897 2437 1016 2511 saciant,
1026 2434 1112 2493 illum
1126 2434 1225 2513 ipsum

129 2517 286 2578 Enoehom
301 2522 401 2582 luisse.
442 2524 481 2582 Et
496 2524 639 2603 Georgius
654 2522 812 2602 syncellus
825 2540 890 2601 pag.
903 2523 955 2586 33.
975 2520 1011 2579 Ι).
1023 2538 1041 2578 e
1054 2519 1131 2578 libro
1144 2519 1225 2578 lino-

130 2599 180 2660 ehi
209 2611 330 2678 narrat,
362 2606 581 2684 Archangelum
613 2607 742 2666 Urielcm
769 2605 856 2665 astris
879 2603 1083 2685 praepositum
1100 2601 1223 2661 Enocho

130 2687 334 2765 Astrologiom'
346 2691 501 2749 revelasse.
524 2722 567 2736 -
587 2690 756 2748 Alexander
768 2687 939 2766 Polylristor
952 2688 1032 2745 vixit
1046 2694 1140 2745 aetate
1156 2686 1225 2744 Sul-

130 2772 177 2831 las
201 2769 346 2851 (Suidas)
371 2771 450 2831 circe
472 2793 540 2833 arrn.
561 2773 754 2831 centesimum
780 2781 850 2830 asste
870 2769 940 2828 Chr.
960 2778 1039 2844 nat.;
1067 2768 1225 2849 Eupolemi

131 2867 274 2934 aetatem,
295 2876 473 2937 quamquam
492 2855 634 2937 Iosephus
653 2876 720 2915 eum
741 2854 852 2934 pluries
869 2853 974 2913 laudat
990 2852 1158 2934 (historiam
1169 2853 1224 2913 lu-

130 2942 275 3003 daeorum
283 2939 465 3024 scripserat),
478 2962 539 3001 uon
548 2941 749 3022 percognitam
760 2938 910 3001 habemus.
932 2942 1009 2999 Ante
1020 2938 1225 2998 Alexandrum

129 3046 199 3087 eum
222 3029 336 3088 vixisse
356 3047 475 3087 necesse
499 3036 561 3102 est,
583 3029 684 3088 forsan
708 3026 788 3086 eirea
809 3047 835 3087 a.
849 3027 910 3092 150
926 3033 977 3084 aut
991 3029 1053 3090 200
1069 3032 1138 3082 ante
1154 3022 1223 3083 chr.

130 3122 194 3174 nst.
212 3144 257 3160 -
277 3112 335 3171 lllo
355 3132 426 3172 vcro
441 3123 574 3193 tenrpore
590 3112 720 3173 narratio
735 3111 771 3171 de
784 3110 915 3184 artibus,
935 3107 1059 3168 Boccho
1074 3107 1222 3180 revelatis,

128 3195 190 3255 iam
212 3197 287 3256 adeo
313 3198 489 3275 pervulgata
510 3206 589 3272 erat,
610 3206 646 3256 ut
662 3196 750 3255 etism
766 3196 844 3253 inter
857 3193 1027 3272 peregrinos
1048 3200 1222 3265 notesceret,

130 3299 200 3360 ergo
223 3302 287 3341 non
306 3282 384 3340 lamo
407 3282 532 3359 linguae,
554 3281 615 3353 sed,
639 3280 673 3338 ni
686 3280 783 3353 fallor,
803 3276 907 3336 eodem
925 3275 1012 3351 libro,
1034 3274 1119 3334 cuius
1136 3274 1224 3335 nobis

129 3384 226 3444 pauca
246 3367 409 3443 fragmenta
432 3372 546 3425 servata
561 3373 641 3423 sunt.
662 3394 703 3409 -
726 3361 815 3420 ludas
836 3379 956 3439 quoque
975 3359 1008 3423 its
1028 3359 1153 3437 epistola
1171 3380 1224 3418 ca-

129 3448 243 3510 tholica
260 3471 339 3513 vers.
358 3450 404 3516 14.
418 3448 605 3530 prophetiam
619 3445 733 3506 Enochi
751 3455 891 3525 tanquam
904 3445 1015 3505 librum
1030 3444 1223 3517 canonicum,

130 3544 211 3595 certe
235 3535 392 3615 antiquum
419 3535 536 3594 laudet:
557 3530 751 3613 Prophetavit
775 3541 873 3589 autem
893 3530 931 3588 de
953 3529 1001 3589 his
1026 3529 1169 3609 septimus
1185 3528 1224 3587 sb

128 3616 244 3678 Adsmo
256 3619 524 3681 Errochusdicens:
545 3619 640 3696 „Ecce
653 3615 738 3677 venit
747 3614 891 3675 Dominus
903 3615 935 3673 in
948 3614 1077 3672 millibus
1094 3616 1222 3672 Sancto-

128 3719 198 3761 runs
207 3724 342 3778 suornm,
354 3714 387 3764 ut
402 3705 548 3765 iudicium
561 3705 635 3765 serat
647 3709 754 3761 contra
767 3720 878 3776 omnes,
892 3709 921 3758 et
930 3707 1033 3777 arguat
1045 3718 1146 3758 omnes
1162 3697 1222 3756 ior-

130 3785 197 3867 pios
218 3788 256 3846 de
274 3790 412 3849 omnibus
428 3790 564 3871 operibus
587 3785 764 3868 impietatis,
785 3805 859 3865 quse
872 3786 960 3864 impie
979 3793 1117 3861 egerunt,
1139 3791 1170 3840 at
1185 3783 1223 3840 de

132 3870 269 3930 omnibus
292 3876 413 3953 rigidis,
434 3895 509 3954 quae
528 3874 621 3934 locuti
633 3880 818 3933 suntcontra
831 3890 898 3931 eum
911 3879 1081 3949 peccatores
1101 3866 1220 3947 impii.¹'

166 3987 214 4053 15)
229 3985 258 4037 Si
273 3989 338 4039 banc
360 3989 434 4044 basius
456 3989 610 4043 intrationis
631 3986 754 4055 originem
773 4001 870 4039 meeum
883 3983 972 4054 ponis,
988 3982 1078 4036 nisuius
1087 3979 1136 4034 tibi
1148 3977 1222 4033 vide-

199 4056 268 4109 bitur
282 4056 407 4125 losspbns
419 4061 536 4126 Scaliger
549 4060 590 4126 (in
604 4057 682 4111 Notis
697 4055 730 4109 ed
743 4055 839 4108 Euseb.
848 4070 908 4122 pag.
922 4051 998 4119 245.)
1012 4052 1039 4103 in
1054 4067 1085 4103 ea
1097 4049 1223 4131 perstent:

198 4124 297 4195 gardas
315 4128 444 4185 „tots-nint
456 4136 516 4181 sunt
528 4128 624 4190 inilia,
642 4141 747 4194 quarum
762 4125 853 4195 piget,
865 4122 953 4176 taedet
967 4121 1110 4190 pudetque,
1128 4128 1157 4170 ut
1171 4131 1222 4169 nist

198 4193 287 4248 when
308 4194 460 4251 ludaeorum
475 4214 528 4250 csse
544 4196 647 4249 nuntiri
655 4233 664 4258 ‚
683 4211 716 4246 ne
731 4192 812 4263 digus
824 4191 926 4259 quidam
940 4189 1095 4242 minuissent
1105 4202 1170 4254 quae
1185 4186 1222 4236 le-

198 4260 344 4332 tleffflffl’
361 4290 398 4301 -
413 4265 481 4319 Nuus
503 4266 596 4319 multae
610 4262 768 4318 narrationes
783 4259 958 4341 blptlrologiae
970 4258 1088 4310 Graecae
1103 4262 1131 4307 ct
1144 4252 1223 4305 Chri·

198 4330 369 4456 {imagini
386 4333 460 4388 modo
479 4342 553 4390 ortas
569 4332 640 4400 siut,
656 4331 748 4406 specibus
764 4336 795 4386 ut
815 4329 930 4401 sanquis
946 4326 1021 4396 sugo
1035 4341 1102 4378 nurse
1121 4337 1223 4394 quoque

233 4419 272 4456 era
336 4406 348 4453 t
