2888 5002
434 420 495 488 ET
515 417 865 490 ANNOTATIONES.
1116 413 1194 489 525

110 586 210 638 tutum
231 577 268 637 ab
290 578 332 638 eia
354 576 510 659 imperium
527 576 673 654 remittat,
698 585 768 637 ante
788 594 882 637 annea
896 579 967 644 298.
980 577 1085 640 mundi
1102 580 1195 648 6174.

109 665 186 723 illud
201 664 297 742 primo
311 662 470 722 stabilitum
484 665 595 742 liquet.
616 671 685 722 onte
700 661 896 721 Christianam
907 682 1003 722 aeram
1019 664 1105 724 annia
1118 667 1194 732 tto,

111 749 270 808 Atriconua
284 748 393 828 quippe
409 749 517 807 notulis
531 746 641 807 Christi
656 745 798 828 epocham
821 747 960 816 eandem,
990 767 1075 825 quom
1097 751 1195 810 Geor-

111 834 194 911 gius,
224 833 383 892 statuitur
404 853 434 912 p.
457 832 527 898 824.
547 840 578 890 et
594 832 666 898 825.
686 828 819 890 Secunda
840 839 885 889 est
902 830 1037 892 Actiacos
1052 853 1144 893 annua
1164 843 1196 894 et

112 919 238 993 Aepy-pti
255 925 357 995 captae
371 936 468 976 aerum
482 916 520 975 ad
533 915 635 975 usundi
650 916 740 981 6172,
755 913 946 975 antechristi
960 917 1087 977 natalem
1109 917 1195 978 annia

113 1004 162 1067 28.
176 1000 331 1059 devinciri.
373 1000 471 1060 Tertia
492 999 611 1059 tandem
628 999 754 1078 Augusti
766 1014 891 1059 annosa
908 1000 1014 1060 mundi
1026 1002 1120 1067 6461.
1132 1022 1196 1061 nu-

112 1085 230 1145 merari.
272 1085 347 1143 Nam
368 1105 437 1143 cum
459 1085 633 1144 undecimus
648 1083 775 1162 Augusti
790 1103 828 1144 ex
841 1083 933 1162 Regio
945 1093 1049 1145 nostro
1062 1085 1147 1148 Barb.
1164 1095 1196 1147 et

111 1167 212 1228 Perea.
228 1176 341 1228 attente
358 1170 497 1248 inspectis
512 1169 608 1249 iisque
629 1187 697 1227 cum
716 1169 808 1228 Palat.
826 1168 944 1229 collatis
956 1168 995 1228 ait
1015 1169 1068 1248 qni
1091 1169 1196 1229 mundi

111 1254 204 1319 6472.
226 1261 256 1311 et
276 1253 460 1334 Olympiadis
486 1257 555 1319 187.
583 1262 706 1333 quartus
730 1261 902 1314 recensetur
920 1252 957 1311 ab
974 1252 1132 1313 Airicanor
1157 1273 1198 1315 ex

110 1339 174 1397 eins
194 1337 318 1396 calculis
336 1359 414 1397 anno
433 1338 523 1403 5461.
542 1336 689 1398 duntaxat
708 1337 865 1419 imperium
882 1336 989 1397 adiisse
1011 1357 1129 1398 necesse
1143 1348 1198 1414 eat,

111 1431 179 1480 ante
204 1419 316 1482 Christi
336 1433 435 1482 ortum
456 1423 507 1488 40.
524 1422 573 1482 vel
591 1422 642 1489 41.
663 1433 757 1503 prout
778 1421 913 1482 Christus
936 1423 1028 1489 6600.
1040 1424 1090 1483 vel
1103 1425 1197 1490 6601.

111 1514 201 1565 notua
222 1506 259 1564 oh
276 1528 310 1565 eo
331 1507 480 1567 asseritur.
522 1507 725 1587 Suspicionem
741 1516 841 1568 tamen
859 1526 952 1567 meam
973 1526 1013 1568 ne
1024 1505 1197 1586 subticeam,

112 1585 159 1652 ια’.
181 1590 249 1651 vice
269 1585 316 1653 ιδ’.
338 1613 353 1651 a
376 1590 480 1672 primis
500 1590 641 1652 librariis
661 1592 772 1652 lectum
790 1592 936 1667 arbitror,
957 1599 987 1650 et
1008 1597 1057 1659 11.
1071 1592 1199 1671 Augusti

112 1694 243 1752 annum,
265 1677 313 1741 14.
333 1675 571 1737 ricereddituna.
612 1676 730 1737 Author
742 1677 820 1737 enim
836 1695 875 1735 ex
893 1675 1052 1752 Africano,
1069 1685 1103 1735 ut
1119 1696 1197 1755 reor,

111 1758 217 1818 actibit
239 1780 305 1840 με.
327 1764 399 1827 811.
422 1761 453 1823 d
476 1761 509 1823 oi
519 1760 557 1822 >ts
576 1754 779 1845 Ἀλεξανδρείᾳ
792 1755 854 1822 tet
868 1762 924 1823 soei
938 1753 986 1823 ιδ’.
1001 1758 1085 1834 irone
1099 1753 1198 1843 ripet-

110 1847 205 1925 poaioe
226 1839 402 1925 Αὐγούστου
427 1840 554 1926 χρόνους
576 1845 612 1902 nb
627 1844 768 1925 Augusti,
794 1844 934 1925 inquam,
964 1843 1014 1911 14.
1034 1843 1087 1925 qui
1109 1853 1198 1926 capta

111 1930 293 1989 Alexandria
307 1930 440 2008 signatur
454 1928 485 1987 in
501 1928 602 1993 Fastis.

193 2008 328 2095 Ἡρώδης
347 2012 497 2087 iuratione
518 2015 581 2074 eoin
605 2013 756 2093 Γαβινίων
774 2007 892 2093 atriden]
927 2011 1038 2094 Lepide
1067 2011 1198 2091 Scaliger

110 2097 180 2157 Not.
200 2118 267 2178 pag.
288 2100 360 2165 259.
405 2099 508 2175 Quane
530 2097 659 2155 (letiensi
679 2101 743 2156 aive
763 2100 936 2158 messoriane
950 2099 1075 2178 Γαβίνοι
1093 2118 1198 2158 strean-

112 2193 181 2254 tnr,
202 2180 300 2239 die-ere
311 2184 450 2259 sortasse
465 2203 581 2261 porram
592 2227 601 2259 ,
622 2186 685 2242 nisi
704 2195 865 2263 corruptus
883 2196 958 2242 esset
980 2185 1074 2243 locus.
1115 2181 1198 2243 Nihil

110 2263 162 2324 hic
175 2285 194 2323 a
208 2266 400 2344 conruptione
412 2269 559 2344 Scaligero
574 2260 753 2327 timendum:
771 2268 884 2348 integer
898 2278 941 2328 eat
959 2267 1091 2328 Africani
1103 2267 1200 2344 loeus,

111 2348 216 2411 iisdem
228 2350 351 2412 omnino
364 2351 463 2411 verbis
478 2353 569 2412 tribus
583 2352 615 2410 in
630 2353 741 2415 hlhlSS.
755 2353 894 2431 digestus.
916 2352 1099 2430 subindicat,
1119 2354 1200 2431 quod
1216 2349 1250 2408 V·
1264 2351 1298 2408 68

109 2433 162 2494 ille
177 2444 296 2496 veretur
309 2454 474 2516 exponere,
500 2436 643 2516 Iosephus
663 2438 714 2497 lib.
738 2438 789 2504 11.
812 2438 881 2498 tnt.
904 2458 970 2518 cop.
994 2441 1043 2504 10.
1063 2457 1081 2496 a
1102 2436 1201 2497 Gobi-

110 2518 163 2578 nio
178 2520 281 2599 Syriae
294 2520 491 2594 Proconsule‚
513 2523 605 2581 altero
620 2522 767 2581 Samariae
786 2532 854 2581 ente
866 2521 1012 2582 Herodem
1029 2533 1200 2602 reparatore

109 2604 156 2662 aio
172 2616 382 2684 nuncupatam.
431 2604 592 2683 Gabinina,
619 2606 732 2686 inquit,
762 2606 899 2666 Iudaeam
923 2606 1140 2687 perlustrabam
1170 2615 1201 2666 et

110 2699 260 2768 quotquot
277 2689 446 2750 inveniebat
459 2691 548 2750 urbes
565 2691 695 2767 dirutas,
718 2690 864 2751 aedificari
879 2691 1015 2750 iubebat:
1037 2700 1125 2769 atquo
1139 2689 1200 2750 boc

107 2782 201 2853 pacto
218 2773 399 2835 instauratae
417 2784 486 2835 sunt
508 2776 654 2852 Samaria,
674 2780 800 2850 Azotus,
820 2774 1029 2855 Scythopolis,
1049 2775 1198 2852 Antedon,

108 2857 243 2937 Raphia,
274 2859 367 2937 nora,
395 2859 534 2938 Mariam,
563 2870 594 2919 ct
615 2861 762 2921 aliusnon
777 2879 901 2941 paucae:
932 2860 1022 2938 idque
1038 2860 1199 2919 rrrondante
1321 2892 1327 2901 ·

110 2941 254 3019 Gabinio,
284 2964 411 3023 quorum
432 2944 557 3025 posthac
576 2940 720 3006 habitatio
743 2954 806 3004 tnta
830 2945 1012 3027 permonuit,
1042 2964 1110 3005 cum
1129 2954 1199 3004 onte

109 3024 200 3103 longo
214 3037 346 3108 tempore
361 3028 493 3091 deceatne
506 3029 645 3090 iuiaaent:
668 3032 708 3090 Ut
721 3030 820 3108 itaque
839 3030 902 3090 sinu
925 3028 1042 3087 civibus
1067 3038 1097 3087 ct
1115 3029 1200 3087 audi·

108 3109 190 3168 ficiis
209 3110 281 3169 urba
298 3114 447 3191 Samuria,
471 3114 514 3173 ita
535 3115 600 3174 sine
621 3116 740 3175 nomine
761 3114 855 3173 iacuit
870 3113 907 3173 ad
926 3113 1052 3192 primam
1066 3131 1161 3191 usque
1181 3133 1199 3172 a

110 3193 242 3253 Gabinio
266 3205 434 3274 susceptum
456 3197 518 3256 eiua
540 3198 772 3278 reparationem,
793 3218 851 3276 qua
872 3202 887 3257 1
894 3198 1022 3275 ἀβινίων
1038 3191 1126 3270 πόλις
1142 3218 1199 3277 op-

108 3278 219 3360 pellari
239 3281 366 3339 metuite
386 3300 423 3338 uc
436 3281 565 3358 sequutis
579 3284 695 3341 demum
709 3281 794 3341 arinis
806 3281 843 3338 ab
858 3280 974 3340 llcrode
986 3279 1198 3358 inmatodeioa,

108 3362 247 3423 Solinates
260 3364 291 3421 in
304 3362 429 3442 Augusti
444 3362 588 3424 honorem
602 3367 717 3445 accepit
733 3364 972 3444 appellationem.

195 3448 264 3525 Pag.
285 3451 358 3514 309.
373 3439 430 3511 'He
445 3442 606 3529 'Oivpmeic
622 3444 716 3529 parii]
737 3450 839 3508 literar
859 3448 932 3508 hoec
952 3450 1096 3510 aententia
1110 3451 1199 3533 plura

108 3532 148 3593 ad
160 3542 331 3613 temporum
346 3552 510 3592 meneutam
525 3535 689 3613 spectantia
708 3533 849 3593 continet.
882 3533 1061 3595 liuiusmodi
1075 3546 1121 3596 eat
1135 3536 1201 3595 ela-

105 3618 172 3678 rior
191 3617 254 3677 eiua
275 3616 433 3697 expositio.
455 3617 642 3697 Olympiadis
665 3622 733 3685 189.
750 3619 862 3698 primus
883 3638 978 3678 annm
1002 3620 1029 3679 ia
1049 3621 1124 3696 luit,
1147 3619 1201 3698 qui

106 3712 177 3761 ante
191 3703 257 3762 Kal.
273 3701 394 3763 hlartiaa
408 3702 486 3762 diem
503 3712 621 3762 sertum
638 3702 700 3761 diea
714 3703 787 3763 alios
805 3702 862 3762 rite
875 3704 1095 3784 compositeque
1107 3705 1202 3762 inter·

106 3786 252 3845 colendos
272 3786 405 3867 excepit,
435 3807 504 3846 eum
525 3788 609 3867 prius
629 3786 766 3847 nonnihil
780 3797 863 3848 extra
877 3789 1012 3849 ordinem
1030 3787 1201 3849 exorbitas·

107 3878 190 3946 sent,
213 3880 243 3930 et
260 3871 293 3930 in
305 3892 389 3932 aerae
405 3870 608 3933 Antiochense
624 3871 797 3950 vigesimum
821 3882 962 3952 quartum
983 3873 1042 3932 ium
1066 3872 1201 3951 comple-

107 3962 175 4013 tum
194 3963 226 4012 et
242 3955 413 4016 absolutum
435 3956 542 4015 incidit
572 3957 691 4038 (verina
715 3967 794 4018 certe
819 3977 996 4038 reponerem
1025 3954 1201 4033 vigesimum

106 4036 266 4118 quiritum)
288 4060 347 4119 quo
369 4040 458 4101 etiam
477 4041 677 4123 Aegyptiacus
697 4061 791 4102 onnus
804 4044 889 4123 priua
904 4060 998 4119 vagus
1012 4049 1042 4099 et
1056 4040 1199 4118 incertus,

106 4121 160 4182 vel
176 4133 274 4182 certus
290 4123 425 4203 quidem,
445 4135 477 4185 at
494 4146 556 4186 non
579 4127 671 4204 inagis
685 4127 816 4186 ilomaua
839 4148 856 4185 a
876 4125 1050 4186 confusione
1068 4123 1146 4184 liber
1168 4135 1199 4185 ct

106 4206 251 4267 mutonis
262 4206 340 4267 fixus
354 4211 507 4288 eonatitit,
527 4221 557 4271 et
574 4211 656 4271 omiti
668 4212 775 4273 menda
790 4211 957 4289 castigatus.
986 4208 1066 4269 llaec
1079 4228 1198 4269 emaum

107 4291 237 4352 olsacura
254 4292 354 4352 lucem
376 4294 499 4373 exigunt
519 4305 550 4356 et
569 4292 734 4356 uberioiem
760 4293 1043 4375 interpretationem.
1091 4294 1197 4354 Aeram

107 4375 326 4438 Antiochenam
338 4375 409 4457 (qua
422 4377 565 4441 nimirum
576 4378 734 4442 Antiochia
747 4378 888 4442 Romania
901 4376 1046 4453 subiecto,
1066 4397 1199 4458 moxque
