2946 4996
253 403 304 479 68
727 411 864 482 contu

255 568 372 633 Christi
384 571 416 628 in
431 587 552 648 corpore
563 587 622 627 suo
637 580 786 648 portans,
807 581 872 630 teon
879 568 1022 651 presidet
1035 574 1225 647 coustantio,
1246 591 1343 651 φιωι

247 677 309 738 pro
327 655 496 713 multorum
513 654 659 713 virtretnns
680 656 870 735 imigm'bue,
891 669 1013 717 sannae
1035 659 1195 716 monuerint
1215 659 1343 717 lhrasii

253 742 369 818 liegioe
392 738 478 798 urhis
503 738 664 797 Praesidio
682 742 836 819 syncellus
855 740 977 820 effictus
998 752 1051 804 ost.
1098 740 1160 803 s'ed
1180 763 1218 800 ne
1238 743 1343 800 nneltu

246 844 434 906 prosequar,
455 824 593 903 suffecere
602 823 750 902 arbitror,
768 823 1016 905 ‹sdpraeconium
1029 829 1110 901 eius,
1131 824 1218 906 quod
1229 846 1253 884 a
1266 825 1344 887 Sede

250 908 439 990 approbetur
459 910 502 967 eit
528 907 727 989 Apostolicoe
756 907 879 991 quando
903 916 1017 973 seilicet
1043 911 1163 971 Viourii
1182 913 1253 969 eins
1274 931 1344 971 unu

251 1014 322 1053 cum
344 996 481 1053 trecentis
501 997 730 1074 quinquaginta
750 995 898 1055 Patribus
922 999 957 1056 iu
978 999 1095 1058 Nicaea
1116 994 1343 1055 torismundo

248 1081 450 1138 convenientes
461 1080 660 1137 universalem
673 1078 828 1158 Synodnm
838 1080 1041 1144 celebrarunt:
1063 1080 1214 1162 siquidem
1225 1091 1254 1139 et
1267 1080 1345 1138 leues

249 1166 317 1224 eins
334 1168 368 1223 in
380 1161 482 1222 eodem
493 1166 618 1243 septimo
635 1176 662 1224 et
678 1176 783 1225 oesucto
801 1168 928 1226 conscilio
942 1169 1101 1245 reperitur.
1142 1167 1223 1241 Quot
1243 1185 1344 1223 onnus

249 1257 320 1330 post
338 1247 471 1312 hobitsm
489 1249 643 1328 synodum
667 1250 869 1331 superaverit,
896 1251 1126 1331 incompertum.
1167 1251 1257 1308 Certo
1277 1268 1345 1308 nou

248 1333 309 1395 nisi
323 1334 442 1394 timia
458 1352 475 1393 e
494 1333 573 1393 vivis
589 1333 722 1410 snhlsto,
744 1335 807 1395 oius
827 1336 968 1396 nimirum
989 1336 1095 1395 mortis
1123 1343 1154 1394 et
1175 1332 1344 1414 Nicephon'

248 1417 427 1479 suceesson‘s
442 1436 521 1477 euno
537 1417 640 1496 testie,
661 1419 713 1499 qui
727 1420 867 1501 syncello
880 1418 922 1502 ¹³)
941 1419 1000 1501 ipsi
1014 1422 1050 1479 oh
1065 1418 1136 1479 orbo
1150 1417 1275 1479 condito
1296 1438 1344 1477 se-

248 1502 313 1564 xies
326 1501 496 1562 millesimus
513 1511 544 1562 et
556 1511 604 1563 ter
617 1505 793 1566 centesimus
801 1551 810 1583 ,
832 1527 849 1564 s
863 1503 974 1566 Christi
991 1503 1135 1564 natalitiis
1150 1502 1343 1579 octingente-

246 1587 353 1665 simus,
374 1595 460 1647 etex
479 1585 600 1647 certiori
622 1589 739 1650 celoulo
760 1596 823 1658 792
837 1599 1023 1667 numeretur,
1044 1587 1199 1668 scriptioni
1216 1605 1342 1646 menum

249 1671 429 1747 selmovisss,
450 1671 513 1752 ipse
530 1672 616 1745 testis
636 1683 680 1734 est
700 1675 892 1737 comissimus.
933 1674 1024 1749 Quod
1039 1683 1136 1735 sutem
1156 1671 1343 1752 scriptionis,

249 1776 339 1838 quoin
355 1755 388 1818 id
405 1756 549 1838 temporis
569 1758 726 1836 extrahet,
747 1760 922 1837 terminum,
944 1758 1075 1820 eiusdem
1091 1757 1203 1837 scripto
1221 1774 1343 1815 muno-

247 1841 364 1902 contub
378 1841 459 1902 orbis
474 1841 600 1902 conditu
612 1845 697 1911 6352
717 1853 748 1904 ot
760 1844 944 1907 Christianos
953 1844 1055 1905 solutis
1066 1847 1128 1910 852
1141 1839 1200 1923 ¹⁴),
1220 1840 1343 1901 librarii

247 1944 379 1987 nrorom
398 1925 481 1987 houd
500 1927 634 2008 syncelli
657 1937 781 1989 oetatem
801 1941 947 2009 arguunt,
969 1930 1021 2010 qui
1045 1928 1144 1988 virilis
1160 1926 1265 1986 saltem
1289 1944 1342 1984 se·

247 2011 316 2069 totis
333 2020 363 2070 et
379 2011 536 2089 Presbyter
550 2023 756 2092 ooiiseerotus,
778 2013 929 2075 exhaustis
948 2034 1009 2075 non
1031 2014 1115 2074 hrevi
1131 2023 1267 2091 temporo
1282 2031 1343 2090 pro

248 2094 307 2153 lide
318 2095 428 2154 tuendo
442 2097 591 2157 laboribus
607 2096 647 2176 ¹⁶)
655 2142 664 2174 ,
688 2099 815 2159 concilio
829 2100 958 2161 Nioseno
975 2097 1135 2179 posteriori
1149 2095 1246 2155 odinit
1258 2114 1343 2153 suino

246 2182 347 2252 6279,
367 2199 384 2236 u
404 2198 464 2257 quo
486 2179 594 2240 deindo
621 2184 824 2263 pruotorlopso
849 2184 886 2241 od
914 2188 1015 2258 8800,
1038 2202 1098 2261 quo
1117 2200 1149 2241 so
1170 2178 1353 2245 scribendis,

246 2260 404 2323 Chronicis
423 2261 557 2338 addixit,
577 2284 724 2323 onnoruni
744 2266 850 2343 viginti
867 2276 897 2326 et
918 2265 1007 2325 unius
1022 2265 1133 2344 spotio,
1154 2271 1225 2341 post
1242 2280 1342 2329 soiitos

248 2345 325 2406 eluos
339 2356 369 2408 et
389 2346 619 2426 quinquaginta,
641 2349 699 2407 uisi
715 2350 905 2409 centesimum
927 2350 1015 2426 longo
1030 2354 1252 2426 proeterveetus
1272 2365 1341 2404 ωο-

245 2430 330 2493 (lium
342 2431 428 2491 illum
438 2430 586 2491 Ilistoiioe
600 2441 716 2492 textum
731 2435 876 2512 attingere
888 2453 948 2493 non
960 2432 1076 2513 potuit:
1097 2449 1226 2511 cumque
1235 2428 1342 2489 Thoo-

244 2516 359 2600 phsnes
371 2516 491 2597 insuper
504 2515 586 2578 vitoe
597 2528 745 2598 superstes
757 2529 787 2578 et
801 2519 899 2599 operis
911 2518 1041 2598 suseepti
1054 2514 1248 2577 continuator
1260 2515 1342 2575 Leo

245 2601 294 2662 nis
308 2600 440 2663 Armenii
459 2609 634 2682 tenpestate
651 2601 763 2662 Christi
779 2608 851 2670 818.
871 2602 915 2685 (et
933 2623 972 2663 ex
991 2600 1180 2682 'lhoophsuis
1194 2601 1295 2682 ipsius
1310 2610 1343 2661 et

246 2686 367 2767 Georgii
387 2685 520 2767 syncelli
538 2697 680 2768 computo
698 2688 783 2770 828.)
804 2707 821 2747 e
840 2688 918 2750 vivis
941 2688 1121 2765 exoesserit,
1142 2705 1201 2765 quo
1221 2685 1343 2747 ratione

247 2772 391 2851 Georgius
414 2781 511 2831 morte
525 2782 699 2853 proereptus
721 2773 760 2833 od
779 2774 842 2840 852
864 2774 1007 2850 evolorit,
1029 2772 1176 2833 incertum
1202 2771 1340 2829 omnino.

246 2854 445 2915 Excedentom
464 2875 610 2916 annorum
623 2858 838 2936 quinquaginta
858 2879 1001 2919 summoue
1016 2853 1086 2940 ,soff
1097 2856 1145 2916 vel
1160 2849 1245 2937 ,mli
1260 2853 1341 2925 vioe,

246 2937 401 2999 libruiiunt
425 2932 504 3017 ςενβ
517 2940 717 3018 substituisse,
738 2944 855 3010 nullus,
875 2953 998 3016 utroor,
1013 2942 1128 3019 sopiens
1142 2935 1341 2995 inficiabitur.

331 3022 449 3101 Georgii
463 3022 604 3102 syncelli,
625 3024 705 3103 quod
718 3025 854 3103 reliquit,
876 3044 952 3103 opus
966 3034 1019 3098 ost,
1041 3042 1129 3102 quam
1142 3020 1268 3100 publice
1281 3021 1341 3080 du-

245 3127 329 3186 mus,
350 3104 602 3188 Chronogrophis.
646 3108 961 3169 &nonovissetis
982 3107 1132 3187 exposito,
1153 3105 1239 3165 volut
1254 3104 1340 3184 ignes

245 3193 385 3254 nocturni
399 3212 454 3273 per
470 3198 569 3266 utrem
582 3192 756 3270 volitantes,
778 3202 808 3253 et
826 3192 992 3253 errohnnels
1005 3192 1102 3252 sidero
1120 3189 1197 3252 visui
1217 3211 1275 3271 por
1290 3200 1340 3249 to·
1453 3246 1454 3255 ,

246 3277 353 3338 nebrus
366 3276 520 3338 illudentis
535 3277 604 3339 solis
619 3279 751 3339 adventu
764 3277 990 3357 extinguuntur,
1005 3278 1128 3357 itnquse
1142 3297 1157 3333 o
1171 3276 1266 3336 nsciis
1282 3294 1341 3334 ou·

248 3361 380 3422 ctoribus
402 3362 482 3424 circs
496 3363 615 3441 Georgii
631 3363 778 3444 syncelli,
798 3363 1004 3445 Theophanis,
1024 3360 1145 3442 Georgii
1158 3360 1341 3437 Homsrtoli,

247 3446 434 3545 phommquo
450 3447 564 3546 peripto
577 3448 823 3549 hallucinationes
837 3450 1100 3544 temeresubortse
1116 3453 1204 3523 sunt,
1227 3443 1340 3525 operis,

247 3531 1338 3702 ltuitit-⁸„I‘htgtttttthtt''tt‘itttttfffi

248 3699 442 3781 spnestenti
455 3714 704 3785 praeoccupatum
719 3704 847 3782 iudicio,
867 3705 919 3767 seel
934 3704 1014 3785 quod
1029 3700 1169 3764 discussit
1184 3716 1339 3758 commm-

246 3783 379 3845 slsnduni
405 3782 572 3861 studiosus,
602 3800 632 3846 ot
659 3792 741 3869 quod
773 3790 896 3871 scripsit
926 3789 1079 3871 operosius
1111 3782 1340 3866 perlegendum.

247 3872 348 3929 Unum
361 3867 438 3944 dico,
460 3869 578 3947 Georgii
590 3874 721 3951 Synoelli
735 3894 811 3954 opus
822 3885 867 3934 est
878 3876 968 3948 istud,
983 3892 1038 3932 nec
1048 3868 1223 3942 Hemortoli,
1240 3866 1340 3928 Theo-

246 3954 372 4036 phsnis,
391 3954 441 4017 vel
454 3952 573 4032 Georgii
586 3957 675 4016 etiem
687 3959 810 4017 ulterius
822 3959 954 4039 syncelli
967 3958 1078 4035 scripte
1092 3973 1160 4014 cuni
1173 3951 1262 4012 istius
1272 3973 1340 4013 ruo·

247 4050 390 4100 irumento
411 4039 572 4122 praecipuo
593 4049 703 4101 temere
726 4043 945 4104 confundendo.
997 4039 1110 4101 lisheot
1131 4038 1339 4114 Hsmsrtolus,

245 4122 439 4206 Theophanes
459 4122 523 4207 ¹⁶),
542 4134 572 4185 et
596 4126 743 4206 Georgius
760 4127 848 4186 etism
871 4126 1028 4207 syncellus
1051 4124 1128 4185 slter
1147 4123 1339 4206 (minen.

282 4321 519 4407 tetragono.
574 4323 622 4399 ll)
635 4325 772 4399 Peg-207.
786 4324 817 4382 ll.
869 4325 916 4394 15)
933 4322 1160 4397 senuphius.
1214 4324 1264 4395 16)
1277 4321 1337 4379 tte.

311 4393 425 4464 tepuit.
439 4395 544 4451 CLVll.
