2946 4996
263 419 314 494 54
735 422 871 495 cuttu

265 579 414 657 abluisse,
438 580 545 659 quibus
555 578 649 640 vitam
661 578 814 661 ducimus,
832 600 982 644 annornm
995 578 1183 654 discrimine,
1203 579 1356 661 Scriptura

266 686 331 728 non
346 665 506 744 eloquente
519 664 654 745 penitus,
675 686 752 746 qnss
765 665 802 727 de
814 666 880 728 istis
894 666 972 728 rstio
985 666 1036 727 vel
1049 672 1257 744 argumentum
1270 667 1358 745 igno-

266 749 395 813 runtium
416 757 445 808 et
468 749 592 809 dubium
615 769 703 810 omne
721 750 829 813 tollstl
855 752 901 812 Ab
919 749 1061 812 Hebraeis
1086 747 1194 810 Graeci
1216 749 1359 809 centuriis

267 853 415 896 annorum
430 833 552 911 integris
570 833 731 898 dissident:
752 835 818 916 pari
832 835 981 897 discordis
996 834 1120 896 Grsccis
1135 842 1298 913 opponunt
1311 853 1359 893 se·

266 938 300 980 se
314 917 428 977 Latini:
451 917 509 998 ipsi
529 918 655 998 denique
673 929 721 979 tot
742 921 880 1000 supputis
894 943 912 981 a
927 920 1103 981 seinvicem
1122 916 1235 979 diversi
1253 917 1359 977 abeam

268 1001 386 1077 Latini,
407 1010 459 1076 ut,
479 1021 541 1062 non
556 1002 616 1062 uisi
638 1004 758 1065 reiectis
775 1004 902 1066 oliorum
917 1004 1057 1079 eslcnlis,
1077 1012 1108 1064 et
1122 1021 1201 1063 nom
1216 1001 1361 1083 temporis

268 1086 385 1149 ratione
395 1085 492 1167 posits
498 1132 509 1164 ,
530 1086 634 1147 nullus
645 1107 748 1150 sorum
759 1089 869 1148 smbist
881 1088 1028 1149 sestimsri
1040 1087 1259 1166 chronologus.
1302 1085 1361 1145 Ve-

269 1190 337 1233 rum
347 1169 505 1231 enimvero
515 1170 689 1233 Latinorum
705 1192 822 1252 pugnus
837 1192 906 1232 cum
918 1173 1054 1235 omnibus
1066 1180 1199 1254 pateret,
1216 1190 1276 1231 nec
1291 1190 1362 1230 cura

271 1255 315 1316 sit
328 1252 413 1314 nobis
431 1254 469 1315 de
484 1254 625 1316 Hebraeis
639 1256 784 1338 plurima3
806 1277 844 1317 ex
858 1277 917 1338 quo
931 1257 1062 1319 Verbum
1078 1266 1230 1317 aeternum
1242 1275 1362 1316 carnee

261 1334 302 1400 'et
314 1347 429 1419 tempus
445 1339 539 1400 subiit
551 1340 590 1399 ud
602 1341 690 1401 Rom.
713 1341 832 1422 imperii
851 1361 919 1401 cum
934 1342 1116 1402 Francorum
1129 1340 1302 1400 blonsrcbis
1314 1338 1363 1399 di·

272 1423 330 1484 visi
345 1422 504 1483 terminum
513 1468 523 1501 ,
541 1423 617 1485 side
633 1425 819 1486 Graecorum
833 1424 1029 1504 Chronologis
1046 1425 1216 1506 (Clemente
1229 1424 1361 1484 dlexsu-

273 1507 378 1584 duino,
398 1507 541 1586 Titiano,
562 1517 593 1568 et
612 1510 696 1587 aliis,
717 1529 848 1590 quorum
867 1510 955 1572 lsbor
975 1508 1153 1590 praecipuus
1166 1508 1362 1569 consideratio

272 1601 441 1672 temporum
456 1613 520 1652 nou
532 1592 647 1670 extitit,
673 1591 919 1677 praetermissis),
938 1613 1036 1655 sertim
1051 1590 1244 1669 instituatur,
1265 1593 1297 1652 iu
1308 1613 1362 1652 su·

271 1685 390 1736 ctorum
409 1676 509 1737 slbum
517 1722 527 1754 ,
549 1677 601 1757 qui
623 1678 663 1738 ad
677 1689 775 1740 certos
791 1679 901 1739 limites
917 1689 948 1739 et
963 1677 1102 1739 definitos
1115 1676 1205 1757 spetii
1219 1677 1363 1737 mucellos

270 1759 434 1821 Historiam
464 1761 637 1839 digesserint
664 1763 984 1841 universum,1ulium
1013 1764 1162 1823 duntsxat
1180 1760 1363 1839 Africanum,

271 1843 487 1904 Csmusiensesu
501 1847 670 1924 Eusebium,
683 1848 833 1909 dninnum
845 1848 1070 1909 etPsnodorum
1083 1843 1257 1920 Monacbos,
1271 1845 1363 1906 Claro·

269 1929 333 1989 nici
359 1928 555 1989 Alexandrini
575 1932 769 2012 scriptorem,
797 1941 828 1993 ct
856 1933 1017 2012 Georgium
1039 1935 1157 1995 tanuen
1181 1931 1364 2010 syncellum,

270 2013 357 2073 cuius
382 2033 459 2095 opus
479 2014 567 2074 uobis
586 2015 638 2077 bic
662 2017 813 2078 scribendi
834 2026 1060 2097 argumentum,
1080 2014 1279 2079 recemundus
1300 2015 1364 2075 exi·

269 2097 368 2158 stimo.

355 2179 470 2239 Primus
494 2180 545 2241 ille
564 2181 658 2242 lulius
677 2183 838 2244 Africanus
853 2185 1029 2265 antiquitate
1051 2185 1231 2264 spectandus
1246 2184 1365 2245 Tertul-

271 2263 386 2323 lianum
402 2271 431 2321 et
445 2263 602 2341 Origenem
617 2265 761 2326 Antonini
770 2268 952 2345 Heliogabali
964 2277 1097 2345 tempore
1110 2268 1216 2326 habuit
1232 2288 1365 2328 coaevos.

271 2346 401 2407 Eusebio
420 2346 599 2406 Csssariemi
618 2348 783 2429 Episcopo,
805 2351 879 2430 quid
893 2351 927 2409 in
944 2351 1148 2430 componenda
1169 2350 1365 2430 Clituuologia

271 2441 373 2513 posset
387 2429 517 2508 imitari,
539 2431 622 2492 dedit
637 2436 825 2515 exemplum,
847 2444 908 2511 aut,
927 2454 1017 2514 quem
1034 2435 1066 2493 in
1078 2436 1188 2515 scripta
1202 2456 1257 2495 sua
1275 2447 1367 2497 msu-

272 2518 379 2590 serret,
400 2516 538 2595 praebuit
553 2519 715 2581 materiem.
736 2520 893 2580 Caesareus
905 2517 1119 2580 bibliothecam
1135 2521 1263 2601 apernit,
1280 2542 1366 2601 quum

270 2609 375 2684 postes
393 2600 553 2677 Eusebius,
575 2611 604 2661 et
619 2604 706 2663 unice
721 2624 806 2664 carus
826 2604 951 2664 Eusebio
973 2602 1147 2685 Pamphilus
1164 2606 1366 2666 laodicaenus

270 2685 429 2766 Presbyter
443 2686 481 2767 ad
495 2686 616 2765 triqsians
628 2689 720 2748 millis
735 2690 923 2749 voluminum
937 2699 1095 2752 auxerunt.
1138 2690 1221 2751 ldem
1237 2712 1301 2750 ason
1317 2713 1367 2750 sr-

272 2791 345 2830 cana
361 2770 451 2830 modo
467 2770 654 2851 Scripturas,
678 2773 748 2849 snt,
771 2785 807 2834 nt
822 2795 860 2834 ex
881 2775 943 2833 eius
961 2774 1095 2854 reliqniis
1112 2775 1193 2856 apud
1210 2776 1366 2835 Eussobium

273 2865 401 2930 constat,
410 2855 541 2914 omnium
557 2876 651 2935 paene
664 2858 796 2935 gentium
811 2858 1012 2919 Bibliothecae
1028 2860 1189 2918 evolverat.
1228 2860 1303 2919 Eius
1319 2859 1367 2918 vi-

273 2947 322 2998 tae
337 2938 395 2997 suit
409 2938 434 2996 is
447 2939 598 3018 splendor,
613 2951 648 3001 ut
661 2942 774 3001 civium
788 2962 910 3002 suorum
923 2942 1073 3021 suffragiis
1091 2944 1300 3025 (Palaestinam
1314 2964 1366 3005 ve·

272 3044 308 3083 ro
323 3042 510 3082 communem
520 3044 587 3084 etun
600 3026 641 3085 eis
651 3027 777 3104 patrium
792 3036 898 3086 nactus
914 3026 982 3108 est),
997 3028 1052 3108 ipsi
1062 3029 1167 3107 legatio
1179 3029 1217 3087 nd
1227 3032 1365 3089 Senatum

271 3109 359 3170 Rom.
374 3107 599 3183 decerneretur3
623 3111 810 3191 obtinuitque
824 3121 857 3171 ut
867 3114 1053 3173 Eminuuntis
1067 3114 1204 3190 antiquae
1218 3115 1323 3173 ruinae
1336 3115 1367 3171 in

271 3193 376 3252 urbem
395 3194 541 3253 excitatae
561 3194 644 3254 urbis
670 3198 789 3257 nornine
812 3217 847 3256 sc
874 3197 993 3256 iussin
1016 3208 1169 3276 posterum
1184 3187 1366 3260 'fruerentun

274 3279 453 3359 Superersnt
465 3278 574 3355 adhuc,
595 3300 671 3358 quae
685 3291 837 3355 memorat,
856 3284 919 3342 eins
936 3283 1049 3360 scriptu
1063 3282 1161 3341 Plintii
1175 3293 1281 3360 aetate,
1297 3300 1368 3360 qnae

273 3368 321 3420 tot
333 3362 489 3423 doctorum
503 3362 626 3426 vocibus
642 3366 766 3447 periisse
780 3366 939 3444 deflentur,
955 3377 1027 3446 quot
1046 3367 1198 3427 doctrisnc
1212 3377 1304 3427 testes
1314 3366 1368 3425 ob·

275 3445 361 3508 tinet.

357 3529 441 3593 Alter
465 3532 609 3594 Eusebius
637 3533 711 3594 adeo
733 3544 823 3594 notus
848 3543 998 3614 tempore,
1019 3534 1176 3609 doctrino,
1196 3534 1368 3609 virtutibus,

275 3610 434 3691 dignitate,
456 3618 609 3697 operibus,
632 3628 666 3677 ut
686 3619 760 3679 haec
782 3638 874 3698 aeque
899 3620 971 3680 trita
993 3620 1106 3698 doctis,
1135 3640 1171 3678 sc
1196 3620 1367 3679 mortalium

275 3696 371 3758 oculis
388 3701 469 3775 quod
482 3702 514 3761 in
528 3702 641 3763 mundo
655 3704 937 3765 communissimuns.

358 3782 507 3843 Psnodori
529 3797 558 3845 et
580 3787 688 3847 Anioni
711 3808 771 3846 sion
793 3789 954 3849 obscurum
973 3808 1093 3849 nomen.
1134 3784 1275 3847 Virorum
1297 3788 1367 3849 illu·

273 3865 346 3928 strin
368 3866 491 3945 quidem
514 3870 636 3950 scripta:
658 3871 710 3931 sed
723 3878 808 3952 'quae
833 3874 940 3954 supina
960 3875 1130 3953 priscorum
1149 3868 1264 3932 incuria
1280 3874 1367 3933 roobia

274 3951 426 4011 inviderit
476 3953 563 4011 Aetas
586 3956 644 4015 suit
672 3956 788 4035 eadem,
816 3978 890 4038 quse
918 3955 1076 4017 Theodosii
1106 3954 1250 4037 iunioris,
1271 3960 1367 4039 pietas

271 4036 489 4097 Monacborum
512 4036 543 4096 in
569 4037 702 4118 Aegypto
724 4061 758 4100 oa
777 4052 952 4123 tempestate
974 4039 1232 4101 celeberrimorum
1253 4042 1369 4102 conri-

270 4130 353 4180 ctuns
374 4122 479 4182 sortita
502 4132 563 4181 ests
584 4123 616 4180 in
634 4124 788 4185 Historicis
804 4138 833 4187 et
853 4137 1023 4204 temporum
1040 4143 1175 4186 mensura
1190 4137 1251 4187 taus
1265 4126 1369 4185 subti-

274 4206 310 4264 lis
325 4207 452 4286 peritia,
474 4216 513 4266 ut
525 4227 600 4284 quae
618 4208 804 4270 biunctlinnis
820 4221 849 4269 et
863 4210 966 4269 lienosi
980 4210 1199 4271 ssumstienibus
1210 4211 1368 4270 ubsumlis·

274 4289 347 4347 sisne
365 4293 516 4351 nonssullis
535 4293 615 4365 visa,
639 4295 825 4376 postmodum
840 4294 1029 4354 evidentibus
1043 4304 1074 4355 et
1086 4295 1318 4357 accommodatis
1332 4296 1367 4355 ad

274 4376 436 4455 scriptores
454 4377 528 4437 ulios
542 4376 723 4455 argumentis
737 4378 849 4438 luerint
859 4378 895 4437 ab
910 4378 952 4439 eis
966 4379 1149 4442 confirmata.
