2946 4996
207 387 231 458 8
588 389 632 459 G.
658 388 699 458 G.
721 386 922 457 BREDOVll

205 549 287 610 tinae
298 546 416 608 Eaeebii
434 564 462 627 p.
477 551 508 615 9.
525 545 562 607 al>
576 566 655 608 enno
668 544 780 606 llilnvii
799 543 839 605 ad
855 541 988 604 Abrahae
1000 561 1095 623 neque
1108 539 1294 601 nativitatem

206 633 280 695 enni
295 637 378 698 1072
388 632 581 711 colliguntur:
594 651 666 693 mox
677 650 750 690 vero
763 638 895 709 apparet,
908 627 1061 688 librarium
1070 647 1131 688 eeee
1147 626 1178 685 in
1195 626 1293 705 culpe,

207 717 263 798 qni
282 714 321 774 ad
341 715 482 776 monitum
496 717 612 795 Georgii
628 715 760 795 syncelli
774 732 931 774 nnmerum
947 712 1143 772 Eueebianum
1156 720 1294 771 mutave·

206 803 257 863 rit.
285 799 421 860 l'luribue
430 800 506 861 enim
516 801 592 860 loeie
609 800 752 877 Georgius
765 799 798 859 in
810 798 969 858 Eueebinm
983 796 1107 874 invehit,
1120 796 1202 875 quael
1215 795 1295 855 i'nter

207 883 359 946 Oilaaium
373 884 558 945 etdbralaam
571 904 665 945 armoe
684 888 746 951 180
760 882 903 945 omieerit

290 967 368 1029 Huic
393 990 524 1030 eammee
551 989 697 1030 annorum
725 969 810 1035 8184
828 966 971 1027 Eueebine
995 966 1030 1026 in
1051 965 1169 1025 Oanom
1189 985 1294 1042 graeco

206 1073 238 1134 p.
254 1056 322 1121 186.
334 1052 371 1113 ab
383 1053 553 1115 dliralra'ed
569 1054 680 1116 Olarieti
695 1052 880 1113 nativitatem
893 1051 977 1111 addit
992 1071 1092 1110 armoe
1105 1052 1203 1116 2016:
1225 1069 1294 1127 ergo

207 1136 245 1196 ab
255 1137 367 1198 Adamo
378 1139 417 1199 ad
427 1138 579 1201 Chrietum
590 1149 661 1200 eunt
673 1141 755 1204 5199
767 1140 851 1197 amm
893 1136 976 1196 ldern
990 1155 1134 1195 nurnerua
1149 1153 1295 1193 annornm

206 1224 290 1290 2016
312 1224 418 1302 legitur
431 1224 465 1284 in
478 1225 615 1285 veraione
630 1223 720 1283 latina
735 1221 908 1301 Hieronymi
923 1242 953 1301 p.
968 1223 1039 1295 256,
1061 1229 1151 1299 atque
1162 1219 1194 1276 in
1206 1218 1296 1278 'l'iro-

205 1306 254 1367 nie
281 1307 419 1389 Proeperi
441 1307 589 1369 Chronico
609 1329 639 1387 p.
659 1309 731 1373 283.
773 1305 854 1364 lelem
879 1306 941 1365 sere
963 1324 1105 1365 namerue
1128 1304 1158 1362 in
1178 1302 1298 1362 Enaebii

205 1390 390 1452 Praelatione
416 1392 456 1452 ed
481 1392 592 1453 librum
615 1388 831 1452 Chronicorum
857 1389 1049 1471 poeteriorem
1072 1388 1221 1465 colligitur
1240 1384 1296 1447 leae

206 1474 340 1536 ratione:

289 1558 335 1621 Ab
358 1578 437 1620 enno
457 1557 574 1621 decimo
588 1557 691 1638 quinto
704 1555 814 1617 Tiberii
828 1556 972 1633 Camerio,
994 1577 1054 1636 quo
1070 1548 1216 1628 Ornatur,

206 1640 329 1720 triginta
354 1663 449 1705 amice
471 1655 575 1718 natae,
598 1642 723 1703 docendi
743 1641 863 1702 initium
883 1641 973 1716 facit,
995 1641 1033 1700 ad
1048 1640 1127 1700 Darii
1137 1639 1214 1718 regie
1277 1652 1287 1678 '·

182 1728 191 1740 '
206 1727 361 1788 Persarum
378 1748 487 1789 annum
502 1726 683 1804 eorundum,
705 1746 765 1806 que
778 1727 995 1807 Hierosolymis
1009 1726 1152 1807 templum
1169 1725 1215 1784 in·

205 1821 434 1889 maritumae,
448 1822 529 1873 retro
546 1811 686 1890 colligam
700 1811 842 1872 Eueebiue
856 1813 944 1891 ponit
959 1831 1052 1871 annae
1074 1853 1082 1870 .
1125 1853 1134 1870 .
1176 1856 1185 1873 .
1227 1807 1298 1877 648

288 1896 406 1957 Allerii
419 1918 497 1957 anno
510 1898 652 1969 eeenndo,
674 1896 727 1974 qui
743 1897 776 1956 in
789 1896 918 1976 primum
926 1894 1113 1976 Olympiadis
1125 1913 1215 1954 eexa-

203 1979 329 2059 geeimae
340 1981 460 2060 quintae
472 1982 616 2056 incurrit,
638 1979 676 2040 ad
689 1980 816 2059 primam
827 2001 921 2061 neque
934 1980 1145 2060 Olympiadem
1156 1980 1176 2043 i.
1188 1999 1214 2040 e.

205 2065 244 2124 ad
261 2063 349 2123 Oziae
364 2065 540 2127 ludaeorum
551 2065 628 2143 regie
641 2085 750 2124 annam
766 2065 1052 2146 quinquegeeianum‚
1066 2084 1124 2145 qne
1138 2074 1216 2125 tem·

204 2146 391 2229 poreEeaiea
405 2150 520 2224 clanait,
544 2169 613 2207 ana.
662 2190 1186 2211 ...........
1227 2146 1300 2214 286.

290 2230 336 2290 ab
364 2231 542 2310 Olympiade
565 2229 663 2311 prima
686 2230 724 2288 ad
744 2239 861 2310 captam
881 2250 975 2310 neque
993 2231 1132 2305 Troiam,
1159 2229 1215 2290 eub

206 2312 356 2373 [abdonia
366 2314 660 2375 iadicieEbreeoram
668 2322 811 2394 tempora,
826 2323 940 2395 eeptem
951 2333 1047 2375 enaoe
1059 2324 1217 2393 antequam

209 2395 355 2478 Sampeon
369 2398 487 2459 Ebraele
498 2397 660 2480 imperabat
715 2439 1187 2462 ..........
1229 2401 1301 2467 408,

249 2481 294 2566 (in
314 2483 408 2543 letina
418 2485 555 2545 venione
575 2482 750 2563 Hieronymi
762 2481 808 2543 bie
820 2482 930 2561 legitur
941 2482 1028 2559 406).

288 2568 334 2628 ΔΙ)
349 2567 408 2629 hee
422 2577 555 2649 tempore
568 2585 663 2647 aeque
682 2568 720 2629 ad
731 2566 833 2628 Meeen
847 2578 878 2628 et
893 2568 1055 2647 Cecropem
1125 2610 1134 2628 .
1176 2611 1185 2629 .
1226 2570 1299 2637 829.

288 2652 409 2714 Alloee
420 2662 450 2714 et
467 2654 597 2735 Cecrope
613 2652 651 2713 ed
665 2653 797 2735 primunr
810 2671 904 2735 aeque
919 2650 1052 2714 Abrahae
1063 2671 1174 2712 annam
1186 2660 1216 2713 et

205 2735 276 2798 Nini
292 2737 451 2820 imperium
508 2781 826 2800 .......
868 2781 879 2816 ,
922 2780 1184 2798 ......
1227 2738 1300 2805 605.

916 2854 1104 2935 colliguntur
1116 2856 1189 2915 enni
1208 2856 1301 2924 2046.

249 2937 426 3022 (earundem
440 2939 607 3002 vereioaem
621 2939 743 3000 latinam
756 2934 862 3020 2041.)

799 3020 990 3101 ΗίιΙᾶοῑηῑιο
1003 3043 1097 3084 annoe
1112 3021 1223 3083 christi
1244 3025 1297 3090 80.

654 3141 780 3203 lieeteat
794 3140 832 3200 ab
848 3140 966 3203 Abreha
979 3142 1019 3202 ed
1033 3138 1184 3202 Chrietam
1205 3143 1301 3208 2016.

248 3221 313 3304 (eur
331 3224 437 3308 2014.)

205 3321 374 3386 tectionem
394 3336 493 3392 textae
505 3327 612 3390 Graeci
634 3348 736 3392 reram
751 3349 814 3391 eeee
828 3348 950 3407 ceneeo,
973 3338 1078 3409 etque,
1098 3327 1146 3389 nti
1160 3325 1302 3387 Chrono-

206 3404 265 3481 logi
286 3410 398 3488 antiqui
422 3432 508 3492 eaepe
530 3414 642 3491 eolent,
664 3435 726 3475 non
746 3435 840 3476 annoe
855 3415 980 3493 triginta
994 3413 1053 3473 iam
1071 3414 1221 3492 perlectae
1236 3411 1301 3470 En-

206 3490 305 3550 eebiue
330 3494 490 3555 detraxieee
511 3496 585 3556 mihi
606 3498 744 3579 videtur,
766 3500 818 3560 eod
832 3500 952 3577 triginta
968 3508 999 3558 et
1017 3517 1127 3572 urium,
1149 3515 1209 3574 quo
1222 3494 1302 3554 vitae

206 3592 286 3633 anno
308 3575 441 3638 christae
463 3580 569 3639 docere
589 3580 714 3662 incepit.
754 3584 867 3662 iliaque
888 3582 1029 3643 detracti·
1049 3599 1192 3639 numerare
1205 3598 1300 3638 anno·

204 3676 273 3717 enm
292 3659 374 3724 2015
388 3660 472 3721 nobie
485 3672 587 3725 reatat.
628 3666 750 3727 Numeri
762 3686 836 3727 vero
849 3664 1026 3746 Hieronymi
1051 3659 1101 3747 (p.
1116 3662 1158 3729 65
1173 3670 1205 3722 et
1218 3656 1300 3750 168)

205 3741 269 3810 406
286 3751 316 3801 et
330 3743 414 3808 2044
429 3744 596 3822 corrigendi
610 3767 672 3807 eeee
686 3750 837 3810 videntur.

289 3825 324 3886 ln
341 3824 419 3885 libro
438 3826 553 3887 decimo
570 3830 805 3911 Praepeiationie
826 3832 1022 3910 Evangelicee
1037 3850 1102 3910 cap.
1111 3834 1140 3898 9.
1156 3829 1300 3893 Eaeebiae

205 3908 400 3971 eummerinm
420 3917 571 3991 tamquam
594 3933 744 3976 canonum
764 3915 1045 3993 chronologicarum
1058 3914 1216 3997 exhibens,
1237 3935 1300 3976 uno

204 4015 329 4056 nmnero
350 4004 477 4075 excepto
501 4015 603 4056 omnee
619 4017 758 4059 nnmerm
783 4000 901 4059 eoadem
925 3998 1030 4060 habete
1052 4021 1156 4083 nempe
1177 3999 1300 4063 aTroie

205 4090 293 4161 capta
306 4078 345 4139 ad
356 4079 458 4139 Mosen
476 4098 571 4163 neque
589 4084 975 4163 compntatn011329,eed
993 4104 1085 4147 annae
1102 4086 1303 4167 quadringen-

206 4171 261 4223 toe.
302 4165 413 4224 Tamen
434 4163 494 4224 hoc
514 4164 548 4223 in
562 4165 629 4225 loco
650 4186 747 4248 neque
758 4186 889 4230 errorem
900 4170 1030 4230 rectoria
1044 4191 1139 4251 neque
1155 4168 1302 4230 incuriam

207 4245 321 4307 librarii
337 4247 558 4329 deprehendere
570 4248 646 4310 milii
658 4251 772 4314 videor.
794 4252 897 4316 Annae
913 4259 976 4324 829
989 4255 1208 4317 eccaretieeime
1220 4271 1302 4311 com.

207 4337 331 4409 putatae
351 4343 396 4395 eet
418 4335 455 4395 ad
468 4334 654 4398 nativitatem
675 4337 774 4400 Moeie.
816 4337 917 4415 Quum
935 4360 1006 4403 vero
1018 4341 1115 4403 Maece
1134 4346 1254 4399 matum
1272 4344 1302 4397 et
