2864 5004
267 392 343 473 458
633 404 978 478 EMENDATIONES

269 561 459 625 consentiunt
477 580 580 623 omnes
597 563 744 640 excisam,
767 563 804 623 de
819 584 918 625 mense
931 565 1001 626 licet
1015 564 1195 641 dissideant,
1215 566 1273 629 bac
1289 568 1339 628 Ps-

267 671 355 711 nemo
370 647 433 707 sive
446 647 646 724 blunrclrrnnr,
668 648 723 707 alla
743 646 946 728 Tbsrgelioni,
967 650 1024 711 alis
1046 652 1272 736 Sciropborioni
1285 654 1341 712 cla·

268 736 334 794 dem
349 733 522 813 imputante.
564 732 658 794 Miror
673 734 844 794 butumnsli
860 735 1016 813 Georgium
1023 741 1213 817 reposuisse,
1234 747 1265 799 st
1282 747 1341 798 sats

266 818 417 898 tropicum
431 816 599 896 hybernum
611 817 748 901 statuisse
760 819 911 879 excidium
924 821 960 880 ab
976 821 1210 900 antiquioribus,
1233 824 1342 902 liioay·

265 903 310 963 sio
325 901 452 962 maxime
466 902 734 976 Halicarnassensi,
755 912 824 963 ante
838 905 982 965 aestivum
997 906 1139 966 accidisse
1153 909 1349 967 aestimetum:

265 987 424 1066 sugillavit
445 987 590 1065 Scaliger,
616 987 668 1047 sed
691 987 802 1048 mitius.
845 987 1018 1065 Quomodo,
1049 991 1165 1070 inquit,
1193 1004 1301 1071 septem
1318 1002 1342 1049 st

275 1071 364 1132 lecem
388 1069 496 1130 diebos
518 1085 590 1131 rorate
611 1072 767 1148 brumam,
793 1074 822 1131 si
841 1076 1013 1140 automno?
1041 1075 1163 1136 Scilicet
1183 1075 1344 1157 hybernum

261 1159 416 1240 tropicum
434 1158 471 1215 ab
486 1166 629 1217 autumno
644 1157 812 1237 praeconini
828 1158 959 1238 Scaliger
974 1159 1100 1238 ignorat.

347 1253 518 1338 Ἀθηναίων
538 1251 587 1320 soi.
610 1258 799 1337 ἐβασίλευσεν
815 1253 1016 1340 Μενεσθεύς]
1036 1262 1149 1321 llursus
1169 1263 1232 1323 nte.
1276 1266 1344 1325 Pau

262 1344 338 1403 Isoec
350 1343 518 1403 Eaeesebiom
531 1365 565 1401 es
578 1341 730 1420 Africano
744 1346 922 1423 sumpsisse:
944 1345 1026 1404 Num
1039 1342 1076 1402 de
1088 1349 1179 1404 annis
1192 1347 1346 1406 Menesthei

263 1430 355 1487 aliter
366 1431 456 1488 sentit
469 1431 503 1487 in
519 1428 647 1488 Conone.
677 1428 753 1507 Ergo
770 1426 844 1487 baec
860 1448 930 1489 esse
944 1429 1069 1506 Georgia
1083 1430 1211 1511 scripta,
1232 1430 1346 1509 Georgii

263 1513 402 1595 propria,
428 1514 554 1590 Georgia
569 1511 723 1574 detrahere
743 1522 854 1573 temere
875 1525 1003 1574 conatur
1017 1514 1164 1593 Scaliger,
1193 1526 1224 1576 et
1242 1525 1346 1577 temera

264 1598 416 1658 adiudicat
429 1598 573 1676 Eusebio,
595 1618 670 1678 quae
687 1597 743 1657 sibi
759 1596 883 1658 adversa
897 1599 1016 1680 repellit
1028 1599 1181 1663 Eusebius.

348 1699 416 1798 erg.
438 1701 508 1766 178.
531 1698 594 1762 net
613 1694 778 1800 arimaspe
794 1696 900 1808 iperi.)
935 1701 1036 1801 Placet
1064 1701 1187 1762 omnino
1212 1698 1346 1782 scaligeri

266 1784 433 1847 emundatro
450 1804 516 1866 pag.
532 1795 632 1845 textus
642 1788 694 1851 31.
710 1803 876 1867 conponas
895 1788 1015 1871 Ομηρῳ.

348 1886 418 1965 Peg·
442 1888 511 1953 174·
539 1881 599 1950 Tio
615 1886 647 1949 lo
659 1879 805 1965 Ὀλυμπία
821 1886 964 1968 πρῶτον]
987 1887 1114 1949 Eusebio
1134 1882 1166 1970 (s
1182 1887 1268 1946 cuius
1281 1885 1347 1947 scri-

264 1969 325 2054 ptis
338 1989 480 2030 numerus
494 1973 549 2030 iste
559 1966 614 2034 ol‘.
626 1979 783 2049 excerptus
811 1970 847 2027 ab
861 1970 1034 2032 llerculead
1047 1975 1174 2053 primam
1185 1972 1239 2032 sub
1254 1969 1346 2050 lpbito

265 2055 473 2136 Olympiadem
487 2076 580 2120 srrraos
603 2056 673 2122 430.
695 2054 861 2114 sturnos-anti
885 2057 1034 2116 consentit
1054 2057 1209 2137 Georgius.
1252 2057 1347 2116 Annos

263 2150 364 2200 tamen
389 2139 521 2220 quinque
543 2141 675 2200 librario
693 2159 761 2200 reor
780 2138 941 2218 excidisse,
963 2152 998 2201 ut
1018 2163 1034 2200 a
1056 2142 1160 2201 rnuadi
1178 2143 1270 2208 4290.
1291 2157 1346 2216 qus

263 2225 364 2285 lsraeli
386 2227 530 2304 Sampson
550 2225 643 2285 ludex
662 2224 750 2284 datus
773 2233 832 2294 est,
857 2225 895 2282 ad
911 2226 1003 2293 4726.
1019 2235 1050 2285 et
1063 2226 1271 2305 Olympiadem
1285 2220 1347 2301 pri·

263 2327 343 2369 susm
358 2310 488 2366 medium
501 2310 643 2388 temporis
661 2310 789 2386 spatium
804 2328 948 2385 exaequo
967 2330 1129 2387 congruere
1145 2309 1289 2368 videatur.
1420 2366 1421 2369 ,

352 2403 394 2470 Tei
407 2404 463 2487 pis
474 2400 573 2487 Ἰησοῦ
592 2405 704 2486 Ναυῆ]
727 2405 898 2465 Occurrunt
915 2404 990 2468 baec
1006 2408 1086 2487 apud
1104 2406 1264 2466 Eusebium
1276 2405 1346 2463 Sea·
1420 2424 1421 2473 3

263 2492 348 2571 ligeri
368 2511 435 2573 pag.
454 2495 506 2558 31.
526 2490 670 2572 quaedam
684 2510 802 2571 quoque
814 2488 866 2551 bic
882 2490 975 2553 relata
990 2491 1113 2572 lingitur
1126 2491 1271 2552 Eusebius
1286 2490 1346 2549 elo-

284 2577 315 2637 ui
359 2596 374 2635 s
423 2579 476 2644 82.

261 2596 283 2658 q
336 2596 416 2741 ll’al}
439 2661 512 2728 175.
533 2655 605 2725 btv
627 2651 686 2725 osio
700 2655 777 2735 amsi
792 2655 847 2724 edo
865 2653 1066 2741 Uiminalem]
1088 2660 1113 2721 E
1130 2660 1255 2742 proprio
1271 2678 1348 2741 pesa

261 2743 427 2807 Autlaorem
442 2746 515 2805 baec
533 2747 752 2828 deprompsisse
764 2755 894 2807 testatur
906 2748 1038 2826 Scaliger
1052 2747 1122 2811 Not.
1138 2750 1244 2828 pagins
1259 2748 1329 2813 255.
1419 2788 1420 2793 1

342 2840 436 2908 Emis
448 2840 538 2925 publ]
562 2847 609 2906 Ad
625 2847 767 2907 Autboris
784 2858 923 2911 mentem.
959 2850 1048 2909 Ponit
1061 2848 1174 2928 quippe
1184 2849 1348 2929 profectum
1419 2856 1420 2931 l

260 2950 300 2991 ex
320 2928 456 3010 Aegypto
477 2930 627 2990 communi
649 2930 754 2990 mundi
773 2951 852 2990 anna
867 2936 961 2997 3816.
982 2933 1170 2991 Salomonem
1194 2933 1348 3012 imperium

260 3015 421 3096 sumpsisse
439 3014 532 3080 4470.
554 3016 665 3094 templo
685 3015 869 3074 aedilicsndo
894 3016 974 3075 circa
998 3015 1102 3074 mundi
1124 3014 1349 3093 447616νίςὶ-

161 3105 195 3160 Ρ.
210 3100 246 3161 ts
262 3102 352 3161 lasse:
374 3100 455 3159 inter
468 3102 561 3166 3816.
576 3110 607 3159 et
620 3101 715 3165 4476.
737 3099 827 3158 medii
841 3109 914 3159 sunt
929 3103 1001 3166 659.
1016 3100 1123 3178 dequo
1140 3120 1267 3161 arumero
1281 3120 1348 3160 rur·
1418 3172 1419 3175 Ἴ

261 3206 311 3246 sus
331 3185 417 3243 alibi:
438 3204 495 3243 nec
514 3185 592 3244 enim
607 3185 771 3244 Salomonis
790 3205 869 3243 anno
891 3194 999 3263 quarto
1018 3185 1164 3266 templum
1178 3185 1349 3245 incisostusa
1418 3178 1419 3269 l

261 3270 385 3352 proprio
399 3270 466 3329 loco
482 3269 602 3330 docebit
620 3269 749 3344 nothos,
778 3279 808 3328 et
820 3270 963 3331 scriberet
983 3269 1071 3346 licet,
1094 3271 1130 3328 ab
1148 3272 1230 3329 exitu
1250 3281 1347 3329 massa

262 3374 300 3413 ex
324 3355 460 3433 Aegypto
481 3354 519 3413 sd
543 3355 573 3421 4.
594 3355 761 3415 Salomonis
783 3355 816 3414 in
836 3354 941 3415 mundi
962 3354 1056 3421 4473.
1074 3354 1255 3413 incidentem
1278 3350 1346 3411 suni

261 3442 334 3504 657.
350 3438 497 3499 duntaxat
509 3439 754 3521 interponuntur.
776 3440 877 3514 Quare
892 3440 993 3500 sorim
1007 3447 1168 3521 poneretur
1178 3433 1242 3516 po(-
1258 3454 1347 3514 quan

260 3515 340 3604 zsd'.
363 3521 472 3581 Verum
485 3522 516 3582 in
535 3543 683 3585 sannorum
706 3525 835 3585 duorum
848 3525 997 3585 desectum
1011 3544 1049 3584 ex
1062 3523 1178 3582 omissis
1191 3519 1250 3580 lair
1260 3519 1346 3577 sanis

262 3605 378 3666 duobus
401 3604 495 3685 (qnod
515 3606 549 3666 in
567 3628 635 3689 pag.
657 3612 728 3677 164.
750 3607 952 3690 obruamus)
978 3618 1011 3668 et
1025 3614 1076 3675 22
1096 3607 1177 3681 vice,
1203 3602 1277 3665 solis
1298 3607 1347 3671 20»

261 3690 439 3765 numeratis,
461 3691 606 3769 Georgius
618 3694 736 3757 incidit.

348 3771 433 3838 Ksed
444 3772 478 3836 dl
492 3769 642 3856 Εὔσέβιον
656 3773 704 3859 χ’.]
724 3778 853 3857 Scaliger
869 3776 954 3858 qussi
968 3772 1085 3835 Eusebii
1098 3771 1195 3852 stylo,
1218 3763 1283 3835 s'sso'
1294 3794 1348 3853 ης

261 3853 370 3937 ἐξόδου
383 3859 503 3936 scribit,
524 3858 574 3922 tat
585 3857 641 3940 ario
655 3867 710 3926 τοῦ
727 3868 805 3926 ναοῦ
821 3857 1071 3938 monsteriolum
1082 3853 1162 3919 oad‘·
1183 3857 1259 3932 Quis
1272 3857 1347 3916 fide·

261 3945 321 4005 lior
339 3944 456 4005 Eusebii
471 3944 653 4024 scriptorum
668 3946 760 4007 iudex
775 3957 827 4006 aut
843 3946 943 4019 testis,
964 3942 1120 4021 Syncellus
1140 3962 1180 4001 sn
1193 3940 1346 4021 Scaliger?

165 4030 196 4085 V.
213 4027 249 4087 45
263 4028 323 4088 llic
335 4030 415 4091 intsr
428 4028 563 4092 Exodum
579 4039 609 4088 et
626 4032 731 4112 templi
746 4030 899 4089 conditum
915 4026 1070 4087 Eusebium
1093 4027 1167 4094 479.
1184 4047 1279 4086 annos
1297 4028 1346 4085 iss·

260 4115 456 4192 terposuisso‚
484 4114 535 4175 ille
548 4118 623 4180 600.
649 4133 820 4174 numerasse
841 4113 1007 4192 praedicat:
1037 4111 1105 4191 qais
1129 4112 1194 4172 eius
1217 4121 1345 4171 masse·

258 4197 377 4259 lidelius
399 4200 535 4259 observat
554 4209 584 4258 ct
605 4195 792 4276 assequitur?
825 4197 982 4276 Syncellus
1002 4195 1121 4257 Eusebii
1149 4197 1261 4275 scripta
1284 4197 1346 4256 sss·

260 4283 399 4361 quentius
413 4293 561 4358 tractans,
583 4303 621 4342 sn
641 4283 791 4361 Scaliger,
811 4282 864 4363 qui
881 4282 941 4342 uisi
961 4282 1112 4363 imponat,
1134 4281 1294 4342 Eusebium
1309 4296 1342 4334 es

260 4368 392 4449 Syrrcclli
403 4368 462 4429 lida
475 4379 505 4430 ct
518 4367 686 4430 testimonio
698 4388 760 4429 nou
773 4376 871 4450 potest
884 4368 1045 4450 repararet
1064 4367 1150 4428 [ticet
1160 4364 1267 4426 obvius
1276 4360 1346 4443 qai·
