2946 4996
500 427 800 502 DISSERTATIO.
1152 431 1203 504 88

125 586 200 649 betisi
216 585 399 650 revelatione
417 585 512 668 deque
526 585 680 687 Egregoris
699 588 807 653 slibro
821 590 922 673 primo
941 590 1062 672 Enoch,
1089 593 1205 678 dequo

125 673 311 817 wigii:
325 681 547 839 (113ρὲἵὲαο
559 674 680 818 &3:1¹5
679 718 848 838 ‘originitus
860 758 968 821 brusts
983 780 1046 824 esse
1065 762 1204 838 srbitrar,

125 859 191 921 quas
206 840 351 920 Georgius
365 860 404 902 ex
416 840 541 923 Iosepho
558 852 588 903 et
604 843 672 903 aliis
687 842 725 904 da
741 843 948 907 aedificatione
964 849 1057 908 turris
1073 848 1205 932 Rabylo-

124 926 200 985 nicae
216 926 322 1004 tradit,
342 947 409 1007 psg·
425 927 467 992 42
480 958 523 974 ·-
534 927 594 1002 443
619 927 756 1009 inprimis
769 947 907 990 uumerus
923 930 1134 1014 quodraginta
1148 955 1205 995 ωι-

124 1031 240 1087 wem,
263 1030 338 1091 quos
352 1011 386 1071 in
406 1010 481 1071 turri
502 1011 684 1072 aedificanda
702 1022 825 1093 nepotes
838 1014 917 1074 Nois
929 1035 1131 1097 perseverasse
1149 1020 1205 1080 di-

124 1106 237 1158 cuntur.
281 1095 338 1154 Hic
354 1094 430 1155 euim
444 1114 588 1157 numerus
605 1116 702 1178 nsque
719 1097 753 1157 iu
772 1097 859 1158 libris
872 1098 994 1161 Biblicis
1010 1121 1107 1182 neque
1122 1103 1206 1184 apud

124 1178 273 1261 losspbum
286 1178 407 1258 legitur3
429 1188 536 1241 auctor
548 1201 621 1242 vero
635 1202 745 1262 perere
758 1182 905 1243 Geneseos
918 1203 1063 1245 summum
1076 1187 1203 1266 diligen·

123 1263 190 1324 tium
203 1265 235 1324 in
252 1264 351 1340 annis,
372 1266 522 1326 mensibus
536 1266 697 1347 diebusque
708 1266 925 1345 distinguendis
943 1270 1051 1349 posuit.
1092 1271 1205 1333 eonse-

123 1367 166 1408 τι(
183 1358 299 1431 praeter
319 1349 493 1428 syncellum
516 1371 547 1431 p.
566 1351 643 1418 (1.5.
662 1354 692 1418 8.
716 1351 876 1430 Georgium
890 1352 1054 1414 cedrenum
1068 1374 1133 1434 pag.
1151 1359 1203 1423 38.

123 1434 169 1499 89.
189 1453 249 1514 quo
267 1433 335 1492 ioco
348 1433 457 1512 cuique
469 1433 570 1494 decem
583 1436 738 1514 plagarum
750 1435 961 1517 Aegyptiorum
974 1458 1103 1498 mensem
1116 1461 1204 1501 sunm

123 1515 226 1577 definit
260 1517 299 1577 Et
312 1518 350 1577 de
364 1516 570 1578 aedificatione
583 1521 675 1579 turris
690 1519 722 1579 in
737 1538 830 1601 parve
849 1521 956 1582 Genesi
974 1523 1116 1603 quaedem
1130 1545 1204 1587 uar-

122 1609 180 1662 ran
192 1601 298 1679 fuisse,
319 1609 446 1661 testatur
460 1601 659 1682 Hieronymus
670 1604 691 1663 1.
707 1624 733 1663 c.
925 1605 928 1611 '

196 1686 308 1746 Notstu
328 1686 452 1764 dignum
471 1696 534 1762 est,
564 1688 689 1767 quodvis
704 1689 767 1747 iere
786 1689 928 1767 temporis
948 1690 1092 1769 spatium,
1122 1691 1204 1771 quod

122 1769 247 1832 inlibris
258 1770 378 1830 biblicis
395 1790 456 1832 uon
472 1770 628 1831 definitum
641 1771 696 1846 sit,
717 1771 754 1829 ab
767 1773 938 1831 auctoribus
953 1774 1204 1855 Apocryphorum

122 1874 240 1917 numero
255 1867 364 1937 quater
377 1853 522 1915 durorum
534 1855 661 1933 definiri,
683 1856 736 1936 qui
751 1863 782 1914 et
792 1854 826 1915 in
837 1857 958 1937 scriptis
973 1858 1088 1919 biblicis
1106 1862 1203 1922 multo

122 1940 248 2021 saepius,
269 1960 357 2020 qnam
376 1941 483 2001 caeteri
497 1941 631 2017 numeri,
651 1939 794 2001 occurrit.

198 2025 251 2085 uie
274 2023 511 2105 quadragesimo
527 2026 633 2084 aetatis
653 2044 725 2086 snae
746 2022 842 2084 Adam
863 2043 881 2082 s
899 2023 963 2084 Deo'
981 2023 1016 2085 in
1030 2024 1204 2090 Paradisum

123 2105 277 2171 inducitur.
300 2110 405 2193 Georg.
419 2112 508 2188 Sync.
522 2128 589 2190 pag.
604 2110 634 2175 6·
649 2109 681 2171 C.

125 2275 148 2335 G
201 2194 265 2253 Dies
279 2193 487 2274 qicadroginta
500 2203 571 2275 post
582 2194 730 2255 Adomum
742 2193 804 2256 Eva
814 2193 848 2254 in
859 2190 1031 2275 paradisum
1042 2192 1205 2256 inducitur.

149 2294 225 2356 eorg.
259 2297 304 2356 ag.
322 2279 353 2344 6.
370 2280 406 2338 D.

200 2297 271 2424 seib
289 2372 353 2422 erat
376 2361 587 2445 quodraginta
608 2383 770 2439 annorum,
799 2383 892 2444 quum
912 2362 948 2422 ub
970 2363 1081 2442 angelis
1098 2371 1205 2445 raptus

123 2443 158 2505 de
174 2448 261 2529 rebus
279 2447 390 2509 iuturis
411 2448 601 2526 edoceretur3
624 2459 654 2510 et
675 2447 884 2530 quadraginta
906 2448 967 2509 dies
984 2448 1020 2508 ab
1033 2448 1205 2510 hominibus

122 2548 179 2590 uon
191 2532 273 2591 visus
289 2542 343 2593 est.
365 2532 472 2613 Georg.
486 2556 518 2615 p·
534 2540 584 2602 10.
603 2534 639 2596 A.
650 2534 684 2599 Β.

122 2696 145 2757 G
201 2614 419 2766 chcdzaginta
452 2637 510 2700 per
544 2639 638 2679 anuos
665 2618 773 2681 turrim
798 2615 1010 2696 Babylonicum
1036 2614 1205 2678 aedificent.

198 2782 305 2865 ioseph
327 2780 540 2865 quadraginta
553 2804 699 2845 cnuorum
714 2791 794 2861 erat,
816 2801 910 2863 quum
929 2791 1015 2864 peter
1034 2781 1098 2843 eius
1112 2781 1202 2861 Iacob

121 2866 152 2927 in
166 2869 329 2949 Aegyptum
342 2868 436 2928 venit.
465 2868 573 2948 Georg.
586 2890 617 2951 p.
632 2873 702 2935 107.
721 2868 753 2930 C.

201 2953 296 3013 Moses
312 2951 523 3033 quadraginta
538 2972 685 3013 annorum
700 2953 776 3027 init,
797 2970 890 3030 quum
902 2948 1036 3032 Aegypto
1051 2950 1155 3011 relicte
1169 2951 1203 3013 in

122 3046 228 3097 teram
248 3036 377 3097 Mediam
394 3036 545 3116 coningit3
564 3037 667 3116 ubique
682 3032 892 3115 quodraginta
912 3055 968 3115 per
981 3054 1075 3095 sunos
1093 3055 1202 3116 pecora

121 3121 221 3203 puscit.
249 3122 361 3201 Georg.
381 3142 412 3202 p.
431 3127 501 3190 122.
512 3120 547 3182 Δ.
570 3155 609 3167 -
631 3121 667 3180 in
681 3117 883 3181 Pentateucho
897 3118 956 3179 boo
973 3119 1062 3179 modo
1079 3119 1203 3196 legiturz

122 3207 324 3277 Deuteronom.
346 3207 399 3271 84.
419 3210 456 3271 7:
484 3205 586 3266 Mosen
615 3225 694 3264 enno
715 3210 777 3271 120
797 3203 877 3263 vitas
892 3212 1044 3262 mortuum
1065 3222 1144 3278 ωας
1172 3213 1204 3264 et

122 3288 275 3349 Deuternn.
299 3295 329 3355 2.
349 3295 387 3355 72
409 3287 602 3367 quodraginta
623 3307 717 3346 annos
738 3284 884 3346 isreelitus
901 3276 921 3343 'e
936 3285 1016 3345 Mose
1029 3303 1084 3365 per
1098 3285 1205 3347 Arubi-

123 3392 190 3433 cum
207 3371 352 3433 decertum
372 3371 478 3432 ductos
494 3391 564 3436 esse.
605 3371 652 3431 Ex
671 3369 719 3430 his
740 3368 840 3431 verbis
862 3370 1045 3448 collegerunt
1066 3368 1202 3449 Hebraei,

125 3477 215 3517 annos
227 3457 376 3536 octogiuta
396 3465 540 3516 restantes
554 3455 633 3517 vitae
647 3454 737 3516 biosis
756 3453 795 3514 ad
815 3453 946 3514 eumdem
960 3454 1104 3514 rationem
1122 3455 1204 3515 divi-

125 3542 231 3602 dendos
248 3561 325 3615 esse,
347 3560 436 3621 qnam
451 3540 628 3601 divisionem
641 3540 674 3599 iu
685 3549 734 3599 ter
746 3539 947 3618 quadragenos
961 3557 1055 3598 anuos
1069 3538 1128 3599 ism
1140 3541 1204 3601 Lu-

124 3646 173 3685 c„
183 3625 806 3791 aibiibi::npdsottdbdbb'oddibirdigbniddiei
823 3715 854 3767 st
874 3702 1087 3787 quodraginta
1099 3716 1203 3770 noctes

124 3793 156 3854 iu
172 3805 267 3859 moute
285 3795 368 3856 Sinai
388 3795 500 3871 fuerat,
528 3791 622 3874 ἄλλην
641 3792 764 3876 ἡμερῶν
783 3788 1039 3873 reouooosovroide
1057 3788 1203 3871 νηστεύει,

126 3878 228 3940 iterum
247 3878 461 3961 quodraginta
483 3878 545 3938 dies
560 3879 627 3938 cibo
641 3876 793 3939 abstinuit.
825 3875 932 3954 Georg.
948 3895 978 3956 p.
994 3876 1065 3943 135.
1079 3876 1112 3939 Β.

204 3965 290 4041 Saul,
311 3964 428 4044 primus
444 3983 498 4025 rex
514 3961 731 4040 israelitorum,
749 3969 852 4040 regunt
867 3979 962 4019 annos
984 3958 1205 4040 quadraginta.

128 4047 227 4127 Georg.
240 4070 270 4129 p.
286 4053 356 4115 176.
371 4050 402 4110 C.
438 4049 475 4108 lu
488 4047 574 4109 libris
588 4047 623 4108 V.
638 4049 673 4111 Τ.
685 4046 767 4108 bunc
778 4063 937 4105 numerum
950 4064 1093 4105 annorum
1109 4045 1206 4106 Saulis

127 4134 268 4209 regnantis
292 4151 356 4191 nou
381 4132 520 4213 reperior
550 4134 627 4192 sema
645 4131 764 4194 traditis
789 4149 855 4193 eum
882 4128 1075 4189 adnumerare
1096 4128 1205 4190 licebit.

128 4214 261 4297 Georgius
281 4225 379 4276 antem
396 4236 465 4277 eum
483 4216 617 4300 occepit,
640 4236 732 4298 quum
746 4215 804 4276 ism
820 4214 853 4274 iu
866 4215 963 4274 Lucas
977 4211 1058 4273 Actis
1069 4212 1203 4293 Apostol.

129 4302 174 4366 18.
182 4321 211 4363 v.
224 4308 274 4369 21.
287 4302 444 4380 legeretur.

205 4386 316 4467 inipsis
326 4384 410 4446 libris
423 4383 577 4448 Hebraicis
584 4385 619 4445 V.
629 4385 663 4445 Τ.
676 4383 778 4445 nullus
791 4399 932 4444 numerus
945 4378 1059 4460 saepius
1065 4376 1207 4439 occurrit.

188 4484 490 4557 omnemodis.
978 4467 998 4528 3
